3463 5287
1335 454 1587 499 σκοπεῖτε
1631 455 1757 499 mx
2642 437 2771 501 323

504 614 648 676 613.
697 612 790 677 cf.
842 613 1067 677 Aeseh.
1114 614 1233 697 Ag.
1285 614 1428 677 729.
1495 614 1721 696 γνώσει
1789 613 1858 677 δὲ
1921 614 2140 697 χρόνῳ
2205 614 2712 697 διαπευθόμενος
2756 612 2769 689 Ι

319 703 429 766 τόν
459 727 524 766 τε
557 702 819 772 δικαίως
849 702 957 765 καὶ
985 701 1093 765 τὸν
1125 702 1410 784 ἀκαίρως
1449 703 1459 786 Ι
1498 703 1681 767 πόλιν
1712 704 2130 785 οἰκουροῦντα
2168 704 2457 767 πολιτῶν.
2505 704 2772 771 Philom-

322 791 431 854 IV.
482 792 583 856 61.
629 792 864 875 χρόνος
910 791 1156 855 δίκαιον
1199 792 1403 874 ἄνδρα
1448 792 1674 877 μηνύει
1720 794 1889 857 ποτέ.
1934 792 2123 857 Hom.
2170 793 2243 856 Il.
2291 795 2350 877 2,
2398 793 2524 857 365
2558 811 2649 876 Sq.
2734 836 2739 840 <

502 900 647 962 614.
696 897 783 962 Of.
841 898 988 962 Eur.
1045 898 1230 983 Hipp.
1287 901 1434 962 428.
1508 900 1753 969 κακοὺς
1818 900 1889 963 δὲ
1952 901 2207 982 θνητῶν
2280 899 2550 984 ἔξέφην’,
2625 900 2774 963 ὅταν

319 988 505 1072 τύχῃ,
554 1024 639 1035 —-·
685 988 933 1072 χρόνος.
1003 988 1191 1051 1051.
1258 988 1414 1052 οὐδὲ
1466 990 1752 1072 μηνυτὴν
1796 990 2031 1072 χρόνον
2073 990 2081 1072 Ι
2132 989 2293 1063 δέξει
2355 989 2511 1054 καθ’
2567 991 2773 1073 ἡμῶν,

322 1078 477 1141 ἀλλὰ
523 1077 594 1160 μ’
642 1077 857 1160 ἑξελᾷς
901 1077 1175 1161 χθονός,·
1221 1077 1372 1142 Eur.
1404 1077 1503 1143 Fr.
1538 1080 1685 1161 221,
1723 1081 1776 1142 1.
1822 1079 1935 1162 τήν
1964 1102 2058 1143 τοι
2089 1078 2287 1163 Δίκην
2323 1079 2570 1161 λέγουσι
2600 1079 2774 1143 παῖδ’

321 1167 474 1231 εἶναι
538 1166 800 1251 χρόνου,
843 1167 852 1250 Ι
895 1166 1167 1231 δείκνυσι
1234 1166 1292 1230 δ’
1358 1169 1547 1251 ἡμῶν
1610 1168 1776 1239 ὅστις
1832 1166 1954 1231 ἔστ’
2000 1170 2041 1251 ἢ
2086 1167 2177 1252 μὴ
2226 1169 2443 1240 κακός.
2509 1168 2775 1234 Philem.

320 1255 432 1318 IV.
480 1256 581 1319 61.
629 1255 860 1340 χρόνος
925 1256 1169 1320 δίκαιον
1214 1256 1418 1339 ἄνδρα
1462 1257 1688 1341 μηνύει
1734 1258 1904 1321 ποτέ.
1951 1256 2326 1322 Monostich.
2379 1259 2477 1322 11.
2524 1258 2659 1340 ἄγει
2705 1256 2777 1323 δὲ

319 1345 484 1428 πρὸς
527 1350 673 1428 φῶς
716 1346 830 1430 τὴν
885 1345 1190 1428 ἀλήθειαν
1245 1347 1493 1430 χρόνος.
1560 1345 1839 1431 Theogn.
1889 1345 2034 1410 967.
2098 1347 2341 1412 τούτων
2389 1347 2447 1411 δ’
2494 1347 2775 1430 ἐκφαίνει

319 1435 574 1506 πάντως
636 1435 867 1519 χρόνος
930 1433 1098 1519 ἦθος
1161 1437 1446 1500 ἑκάστου.
1520 1435 1704 1500 Pind.
1754 1434 1851 1499 Ol.
1897 1434 2014 1500 XI.
2065 1437 2166 1499 53.
2231 1436 2273 1499 ὅ
2314 1435 2365 1500 τ’
2430 1436 2777 1520 ἐξελέγχων

317 1524 521 1607 μόνος
584 1525 888 1589 ἀλάθειαν
954 1525 1261 1608 ἐτήτυμον
1315 1525 1562 1609 χρόνος.
1629 1525 1814 1589 Pind.
1864 1524 1961 1588 Fr.
2016 1526 2158 1589 132.
2206 1526 2464 1609 ἀνδρῶν
2512 1526 2776 1591 δικαίων

320 1615 555 1698 χρόνος
600 1613 814 1699 σωτὴρ
861 1614 1127 1697 ἄριστος.
1193 1613 1498 1679 Simonid.
1538 1614 1637 1679 Fr.
1681 1615 1783 1678 99.
1842 1615 1962 1678 οὐκ
2010 1615 2169 1678 ἔστιν
2212 1615 2451 1698 μείζων
2495 1616 2776 1699 βάσανος

320 1704 558 1788 χρόνου
625 1703 889 1774 οὐδενὸς
952 1705 1162 1785 ἔργου,
1204 1702 1214 1786 Ι
1255 1705 1327 1775 ὃς
1389 1702 1497 1767 καὶ
1559 1703 1688 1767 ὗπὸ
1753 1705 2029 1786 στέρνοις
2085 1704 2320 1786 ἀνδρὸς
2365 1705 2561 1778 ἔδειξε
2608 1705 2774 1769 νόον.

320 1793 479 1857 Plat.
527 1793 740 1878 Symp.
787 1813 845 1877 p.
899 1794 1023 1857 184
1058 1795 1132 1856 A.
1179 1794 1279 1856 ἵνα
1325 1793 1557 1877 χρόνος
1603 1793 1949 1876 ἐγγένηται,
1997 1795 2071 1864 ὃς
2118 1793 2196 1875 δὴ
2232 1794 2414 1857 δοκεῖ
2451 1795 2524 1857 τὰ
2571 1794 2773 1858 πολλὰ

319 1882 534 1953 καλῶς
584 1884 957 1966 βασανίζειν.
1034 1880 1341 1947 Similiter
1380 1883 1523 1965 δίκη
1572 1882 1811 1965 χρόνου
1858 1888 2005 1952 παῖς
2052 1883 2286 1946 dicitur
2316 1882 2465 1947 Eur.
2498 1884 2593 1947 ΕΙ.
2634 1885 2774 1948 150.

321 1972 419 2035 Fr.
468 1973 614 2049 223,
666 1972 720 2034 1.

500 2081 646 2143 615.
692 2081 816 2143 κᾶν
861 2080 928 2143 ἐν
974 2080 1184 2162 ἡμέρᾳ
1240 2080 1453 2163 γνοίης
1495 2080 1644 2163 μιᾷ]
1718 2079 1768 2143 Ι.
1817 2100 1867 2144 e.
1941 2079 2049 2143 καὶ
2112 2080 2179 2144 ἐν
2243 2081 2453 2163 ἡμέρᾳ
2515 2088 2634 2163 μιᾷ
2697 2083 2776 2145 ἂν

326 2169 554 2251 γνοίης.
632 2167 721 2232 Cf.
772 2169 916 2248 591.
963 2169 1165 2233 πολλὰ
1212 2170 1335 2232 κᾶν
1381 2170 1563 2232 ἄκων
1608 2169 1836 2252 ἔδρων.

501 2258 645 2321 616.
693 2258 908 2329 καλῶς
961 2260 1165 2333 ἔλεξεν
1219 2258 1674 2342 εὐλαβουμένῳ
1728 2258 1962 2343 πεσεῖν]
2026 2257 2256 2324 Recte
2320 2259 2504 2324 haec
2567 2259 2777 2324 dicta

320 2366 488 2412 esse
535 2347 931 2431 fateberis,
986 2350 1047 2411 si
1095 2367 1323 2413 caves
1378 2367 1469 2412 ne
1525 2348 1829 2412 labaris.
1877 2348 2026 2429 (ΒΓ.)
2164 2348 2617 2433 εὐλαβουμένῳ
2662 2372 2773 2411 πε-

318 2436 468 2521 σεῖν]
513 2435 563 2500 Ι.
585 2457 638 2501 e.
685 2438 1137 2521 εὐλαβουμένῳ
1165 2437 1257 2521 μὴ
1290 2438 1451 2522 πέσῃ
1499 2438 1595 2519 (cf.
1625 2438 1722 2501 Tr.
1750 2439 1936 2502 1129.
1983 2439 2255 2521 εὐλαβοῦ
2309 2438 2379 2502 δὲ
2422 2438 2514 2523 μὴ
2567 2444 2778 2522 φανῇς

316 2526 520 2597 κακὸς
566 2527 804 2609 γεγώς).
880 2523 977 2591 De
1024 2527 1236 2593 dativo
1284 2530 1357 2593 cf.
1403 2527 1501 2592 Tr.
1550 2528 1695 2593 296.

500 2616 645 2680 617.
693 2622 953 2700 φρονεῖν
1000 2655 1082 2665 -
1129 2617 1364 2703 ταχεῖς]
1423 2616 1510 2681 Cf.
1566 2617 1714 2682 Eur.
1762 2616 1920 2682 Hec.
1969 2618 2115 2683 850.
2174 2616 2369 2701 ταχὺν
2413 2619 2774 2701 προσαρκέ·

319 2729 449 2780 σαι,
491 2706 500 2789 Ι
540 2706 788 2789 βραδὺν
837 2707 913 2781 δ’,
961 2708 1019 2771 εἶ
1057 2709 1182 2773 κτλ.

499 2814 644 2877 618.
694 2813 1012 2880 Connecte
1056 2815 1248 2897 ταχύς
1293 2837 1396 2884 τις.
1476 2813 1564 2878 Of.
1597 2815 1698 2898 Aj.
1736 2816 1924 2878 1266.
1973 2816 2067 2886 ὡς
2102 2815 2314 2898 ταχεῖά
2345 2839 2433 2887 τις
2476 2817 2728 2900 βροτοῖς
2764 2813 2771 2902 Ι

320 2904 502 2987 χάρις
566 2903 822 2987 διαρρεῖ.
889 2907 946 2968 8.
1011 2903 1105 2974 ὥς
1165 2927 1255 2974 τις
1317 2905 1563 2986 εὐρινος
1615 2905 1815 2987 βάσις.
1877 2904 1977 2968 Tr.
2028 2906 2172 2968 313.
2240 2906 2491 2987 γενναία
2544 2943 2624 2952 -—
2672 2928 2774 2976 τις.

319 2991 470 3056 Eur.
516 2991 706 3077 Hipp.
753 2995 899 3056 424.
965 2993 1536 3076 θρασύσπλαγχνός
1598 3017 1703 3064 τις.
1780 2992 1942 3057 Med.
1994 2994 2139 3057 520.
2208 2993 2379 3077 δεινή
2444 3018 2533 3065 τις
2597 2995 2775 3078 ὀργή.

407 3081 629 3166 ταχύς]
677 3081 768 3146 Of.
816 3081 929 3145 Ph.
982 3082 1169 3145 1223.
1216 3082 1423 3164 ἕρπεις
1472 3120 1553 3127 ——
1602 3083 1809 3164 ταχύς.
1869 3083 2097 3146 Aesch.
2150 3082 2318 3146 Pers..
2371 3083 2515 3146 725.
2562 3084 2775 3166 ταχεῖά

321 3170 377 3254 ν’
409 3170 569 3255 ἦλθε
615 3175 927 3255 χρησμῶν
971 3174 1216 3253 πρᾶξις·

499 3279 643 3343 619.
692 3278 777 3343 Cf.
825 3280 924 3362 Aj.
977 3279 1165 3341 1282.
1237 3277 1333 3340 Tr.
1382 3280 1528 3343 296.
1593 3278 1745 3342 Eur.
1804 3279 1906 3342 Or.
1968 3279 2156 3343 1509.
2221 3285 2546 3362 πανταχοῦ
2598 3279 2608 3363 Ι
2659 3281 2775 3363 ζῆν

320 3368 442 3451 ἡδὺ
488 3368 729 3450 μᾶλλον
775 3371 814 3451 ἢ
863 3367 1083 3431 θανεῖν
1127 3372 1254 3438 τοῖς
1301 3368 1644 3450 σώφροσιν.

498 3457 644 3521 620.
689 3456 763 3521 τὰ
819 3457 1005 3521 τοῦδε
1065 3456 1187 3539 μὲν
1235 3456 1350 3541 -]
1427 3454 1578 3521 ‘His
1644 3457 1804 3522 ends
1870 3458 1999 3520 will
2067 3457 2230 3521 have
2296 3457 2455 3523 been
2523 3458 2773 3542 gained,

320 3547 447 3610 and
494 3547 666 3610 mine
712 3545 986 3612 missedss
1034 3546 1261 3628 (Jebb.)

498 3636 625 3699 622
660 3655 750 3720 sq.
799 3635 887 3700 Cf.
918 3637 1069 3699 Ant.
1103 3638 1250 3699 497.
1298 3636 1501 3707 θέλεις
1545 3661 1596 3700 τι
1641 3638 1863 3719 μεῖζον
1909 3639 1948 3720 ἢ
1981 3638 2376 3701 κατακτεῖναί
2414 3640 2484 3721 μ’
2531 3638 2727 3714 ἑλών,·
2761 3631 2773 3727 Ι

317 3723 450 3787 KP.
498 3725 628 3807 ἐγὼ
672 3725 793 3808 μὲν
839 3725 1053 3789 οὐδέν·
1100 3728 1263 3790 τοῦτ’
1311 3726 1480 3808 ἔχων
1525 3727 1749 3790 ἅπαντ’
1797 3728 1946 3810 ἔχω.

500 3815 644 3878 624.
691 3814 936 3898 Redde,
989 3814 1166 3898 YeS,
1225 3815 1437 3880 when
1493 3815 1668 3881 first
1719 3836 1872 3900 you
1928 3818 2115 3880 have
2171 3817 2431 3881 shown
2477 3817 2671 3880 what
2717 3818 2774 3880 it

320 3921 386 3984 is
433 3903 593 3967 that
635 3903 668 3967 I
713 3921 909 3987 envy
956 3906 1321 3985 (wherein
1366 3905 1396 3968 I
1446 3922 1638 3986 envy
1684 3906 1882 3989 you).

503 4010 647 4073 625.
695 4009 785 4076 Of.
830 4013 927 4076 Tr.
980 4012 1167 4076 1232.
1233 4012 1327 4084 ὡς
1371 4013 1717 4096 ἕργασείων
1781 4013 1972 4077 οὐδὲν
2035 4011 2132 4077 ὧν
2186 4014 2352 4095 λέγω
2397 4014 2629 4096 θροεῖς.
2678 4012 2774 4075 ΕΙ.

327 4099 515 4163 1025.
561 4099 655 4171 ὡς
700 4101 843 4185 οὐχὶ
889 4102 1333 4183 συνδράσουσα
1379 4104 1696 4173 νουθετεῖς
1739 4103 1903 4168 τάδε.
2039 4102 2413 4187 πιστεύσων]
2462 4103 2507 4166 Ῑ.
2543 4123 2600 4188 q.
2640 4126 2772 4166 πει-

322 4186 605 4272 σόμενος.
683 4190 771 4255 cf.
807 4189 877 4254 O.
901 4191 966 4256 O.
1003 4192 1144 4255 175.
1191 4216 1283 4274 μη
1336 4191 1468 4275 δῆτ’
1515 4192 1816 4276 ἀδικηθῶ
1862 4193 1960 4258 σοὶ
1995 4193 2328 4263 πιστεύσας
2370 4194 2774 4280 ,ιιεταναστοὶςΖ

500 4278 645 4344 628.
693 4283 752 4345 εἶ
793 4280 864 4345 δὲ
896 4317 981 4327 -
993 4279 1047 4365 ,·]
1096 4280 1185 4345 Cf.
1217 4282 1412 4345 Arist.
1444 4284 1560 4346 Av
1596 4282 1744 4345 371.
1792 4283 1850 4345 εἷ
1892 4281 1961 4346 δὲ
1996 4280 2111 4366 τὴν
2141 4282 2333 4364 φύσιν
2367 4282 2488 4365 μὲν
2532 4281 2773 4365 ἐχθροὶ,

318 4366 430 4432 τὸν
494 4368 566 4433 δέ
628 4374 781 4434 νοῦν
845 4372 996 4434 εἰσιν
1059 4370 1256 4454 φίλοι,
1299 4371 1455 4455 Ικαὶ
1520 4371 1878 4444 διδάξοντές
1939 4395 1991 4434 τι
2058 4370 2230 4455 δεῦρ’
2294 4373 2560 4454 ἥκουσιν
2604 4372 2776 4454 ἡμᾶς

319 4458 667 4542 χρήσιμον,·
803 4459 1095 4544 ἀρκτέον]
1159 4459 1424 4526 Passivo
1472 4479 1692 4542 sensu,
1760 4460 1800 4523 i.
1849 4479 1899 4523 e.
1946 4460 2255 4544 ἄρχεσθαι
2304 4460 2412 4525 δεῖ.
2489 4458 2575 4524 Cf.
2624 4464 2784 4525 Ant..

320 4549 423 4612 63.
493 4548 851 4632 ἀρχόμεσθ’
899 4550 971 4614 ἐκ
1026 4549 1432 4632 κρεισσόνων.
1479 4548 1669 4614 Isoor.
1719 4547 1823 4612 Or.
1878 4551 1973 4614 14.
2022 4552 2059 4632 ξ
2116 4552 2210 4613 10.
2269 4550 2346 4613 οὐ
2392 4554 2520 4613 τῶν
2565 4550 2789 4614 ἄλλων·

2219 4656 2349 4720 21””ι
