3463 5287
601 423 731 486 300
1614 438 1866 484 ontrus
1910 440 2035 485 mex

599 600 833 667 Herod.
881 601 930 665 Ι.
983 601 1126 664 120.
1182 598 1290 663 τὸν
1347 600 1417 665 δὲ
1470 600 1667 662 παῖδα
1733 605 1953 663 τοῦτον
2009 599 2077 673 ἒξ
2133 599 2501 682 ὀφθαλμῶν
2555 598 2936 682 ἀπόπεμψαι
2992 601 3059 670 ἔς

599 689 874 772 Πέρσας.
922 691 1035 754 III.
1086 692 1187 753 52.
1235 691 1305 764 ἕξ
1350 690 1716 771 ὀφθαλμῶν
1761 712 1870 770 μιν
1916 689 2371 770 ἀποπέμπεται.

781 797 924 859 310.
974 796 1050 860 σὺ
1109 796 1165 859 δ’
1223 795 1339 860 οὖν
1386 796 1503 881 -]
1580 795 1672 860 Cf.
1727 795 1824 859 ΕΙ.
1873 796 2019 859 891.
2085 794 2162 859 σὺ
2230 795 2286 859 δ’
2343 793 2459 859 οὖν
2513 796 2655 877 λέγ’.
2717 796 2814 859 Tr.
2870 798 3056 860 1157.

597 888 699 969 Aj.
752 887 896 949 114.
947 886 1138 949 Arist.
1188 885 1375 969 Vosp.
1425 886 1481 947 6.
1662 884 1773 947 ἀπ’
1821 886 2073 948 οἰωνῶν
2124 883 2330 969 φάτιν]
2397 885 2485 949 Cf.
2535 885 2682 948 Ant.
2737 886 2923 949 1219.
2989 887 3061 959 ἐξ

601 977 864 1057 ἀθύμου
933 974 1240 1038 δεσπότου
1305 975 1734 1057 κελεύσμασιν.
1824 972 2036 1048 Quum
2099 974 2409 1038 Teiresias
2471 993 2700 1039 caecus
2764 980 2932 1039 esset
2996 982 3061 1037 et

601 1071 931 1150 propterea
995 1064 1219 1128 alitum
1283 1064 1608 1128 volatum?
1675 1056 2019 1139 observare*
2076 1080 2205 1127 non
2269 1068 2506 1146 posset,
2571 1063 3054 1145 intelligendum

600 1156 721 1219 hoc
768 1160 864 1219 est
910 1154 987 1217 de
1034 1159 1225 1217 cantu
1273 1159 1336 1218 et
1380 1154 1616 1237 garritu
1666 1172 1905 1217 eorum.
2041 1153 2380 1235 φθονήσας
2412 1190 2494 1198 —-
2529 1152 2736 1237 φάτιν]
2786 1152 2875 1216 of.
2909 1154 3056 1215 323.

599 1243 773 1327 τήνδ’
820 1243 1191 1324 ἀποστερῶν
1236 1244 1437 1325 φάτιν.
1516 1242 1824 1306 Usitatior
1867 1243 2255 1305 constructio
2302 1246 2399 1305 ost
2443 1242 2674 1324 φθόνει
2718 1243 2883 1312 τινός
2926 1266 3057 1315 τινι,

604 1341 675 1396 ut
718 1335 784 1396 in
837 1333 1060 1396 Aesoh.
1103 1333 1306 1396 Prom.
1341 1332 1487 1395 603.
1532 1332 1700 1414 μηδέ
1744 1355 1856 1413 μοι
1902 1331 2241 1415 φθονήσῃς
2286 1332 2636 1413 εὐγμάτων.
2686 1330 2835 1393 Eur.
2867 1329 3055 1394 Here.

604 1423 750 1486 333.
799 1423 876 1485 οὗ
922 1422 1161 1503 φθονῶ
1207 1422 1486 1503 φέπλων.

784 1530 928 1592 311.
975 1535 1281 1611 μαντικῆς
1327 1527 1505 1612 ὁδόν]
1555 1527 1644 1592 Cf.
1678 1525 1749 1590 O.
1783 1526 1850 1592 C.
1886 1528 2073 1591 1314.
2122 1528 2376 1591 οἰωνῶν
2406 1526 2598 1597 ὁόοῒς.
2646 1526 2795 1590 Eur.
2820 1525 3056 1592 Phoen.

605 1620 750 1683 918.
798 1619 1143 1699 θεσφάτων
1189 1619 1366 1700 ἐμῶν
1411 1617 1585 1680 ὁδόν.
1648 1615 1837 1700 Hipp.
1889 1618 2033 1680 391.
2098 1617 2262 1690 λέξω
2321 1616 2390 1680 δὲ
2445 1617 2551 1680 καὶ
2604 1617 2703 1679 σοὶ
2747 1623 2857 1698 τῆς
2903 1617 3060 1698 ἐμῆς

605 1709 866 1791 γνώμης
922 1707 1093 1771 ὁδόν.
1164 1708 1354 1770 Arist.
1405 1706 1518 1790 Eq.
1570 1707 1758 1769 1015.
1833 1705 2113 1788 Φράζευ,
2170 1704 2541 1788 Ἑρεχθείὸη
2607 1706 2840 1786 λογίων
2904 1704 3060 1769 ὁδὸν

602 1801 684 1880 ἢν
728 1798 853 1861 κτλ.
903 1795 1084 1861 Pind.
1133 1796 1227 1861 ΟΙ.
1279 1796 1419 1859 VII.
1468 1796 1572 1858 46.
1622 1796 2019 1877 πραγμάτων
2065 1795 2274 1877 ὀρθὰν
2320 1795 2492 1859 ὀδόν.
2542 1795 2641 1859 90.
2689 1796 2911 1876 ὕβριος
2955 1795 3057 1877 ἐχ·

604 1886 775 1967 θρὰν
822 1886 993 1950 ὁδόν.
1058 1885 1127 1951 Ρ.
1175 1885 1289 1950 III.
1344 1888 1485 1949 103.
1553 1885 1853 1955 ἀλαθείας
1917 1885 2073 1948 ὁδόν
2138 1883 2321 1948 Pind.
2368 1884 2467 1948 Fr.
2520 1885 2664 1947 172.
2728 1884 3059 1947 πιστοτάτα

605 1981 783 2057 σιγᾶς
829 1975 997 2045 ὁδός.
1073 1974 1158 2039 Et
1197 1976 1333 2039 Sino
1376 1974 1532 2038 ὁδὸν
1575 1974 1725 2037 Eur.
1760 1974 1851 2037 ΕΙ.
1886 1975 2033 2037 400.
2064 1975 2318 2057 βροτῶν
2346 1972 2656 2056 μαντικὴν
2687 1974 2922 2055 χαίρειν
2953 1973 3060 2036 ἐῶ.

693 2064 1028 2148 μαντικῆς]
1077 2064 1226 2129 Sub.
1273 2066 1507 2147 τέχνης.
1588 2064 1678 2128 Of.
1728 2065 1876 2126 462.
1926 2066 2072 2126 Ant.
2126 2064 2314 2126 1034.

787 2174 931 2235 312.
982 2170 1067 2234 Cf.
1116 2171 1210 2234 El.
1261 2174 1406 2236 987.
1462 2176 1710 2235 παῦσον
1766 2174 1839 2235 ἐκ
1895 2176 2122 2235 κακῶν
2167 2169 2305 2252 ἐμὲ,
2348 2172 2357 2253 Ι
2397 2174 2646 2233 παῦσον
2695 2169 2763 2233 δὲ
2811 2170 3107 2266 σαυτήν..

697 2263 882 2343 ῥῦσαι
932 2298 1008 2306 -
1061 2259 1265 2344 πόλιν]
1316 2261 1408 2325 Of.
1457 2261 1806 2344 epithetum
1853 2260 2190 2341 ῥυσίπολις.

787 2353 933 2414 313.
982 2352 1168 2431 ῥῦσαι
1217 2350 1286 2414 δὲ
1331 2356 1459 2413 πᾶν
1489 2352 1737 2432 μίασμα
1773 2348 1888 2434 -]
1940 2347 2058 2425 Qu.
2092 2349 2272 2412 λῦσαι
2306 2385 2416 2411 -.
2466 2347 2556 2411 Cf.
2590 2347 2741 2412 Eur.
2776 2346 2880 2411 Or.
2917 2348 3062 2411 590.

606 2441 853 2523 μίασμα
900 2440 1097 2503 λῦσαι.
1176 2438 1280 2504 Sic
1327 2440 1567 2503 ἐκλύειν
1615 2439 1864 2521 δασμὸν
1910 2458 2103 2522 supra
2150 2439 2251 2501 36.

789 2548 935 2609 314.
984 2548 1051 2610 ἐν
1105 2546 1202 2610 σοὶ
1260 2546 1380 2627 γὰρ
1437 2545 1649 2630 ἐσμὲν]
1709 2546 1798 2610 Of.
1847 2545 1917 2610 Ο.
1953 2545 2019 2609 C.
2068 2548 2214 2608 247.
2281 2545 2348 2608 ἐν
2410 2546 2559 2627 ὑμῖν
2616 2543 2736 2627 γὰρ
2785 2544 2879 2615 ὡς
2924 2546 3065 2626 θεῷ

608 2636 893 2719 κείμεθα.
961 2637 1105 2700 392.
1158 2638 1305 2699 422.
1370 2637 1556 2699 1443.
1620 2635 1720 2719 Aj.
1773 2635 1915 2698 519.
1982 2636 2048 2698 ἐν
2113 2634 2213 2698 σοὶ
2274 2634 2425 2698 πᾶσ’
2490 2635 2692 2717 ἔγωγε
2746 2635 3064 2717 σώζομαι.

611 2727 771 2790 Phil.
807 2728 951 2790 963.
998 2726 1096 2790 Tr.
1131 2726 1277 2789 621.
1325 2727 1551 2789 Aesch.
1590 2726 1762 2789 Pers.
1804 2726 1897 2788 15.
1946 2724 2094 2789 Eur.
2143 2724 2279 2788 Alc.
2315 2726 2461 2788 289.
2510 2726 2577 2788 ἐν
2623 2724 2723 2788 σοὶ
2771 2723 2828 2787 ‹5’
2877 2724 3066 2806 ἐσμὲν

609 2818 716 2880 καὶ
772 2819 887 2898 ζῆν
942 2816 1048 2878 καὶ
1101 2817 1209 2898 μή.
1282 2815 1517 2878 Phoen.
1572 2816 1759 2877 1256.
1808 2813 1942 2898 Iph.
1988 2814 2053 2877 T.
2107 2814 2293 2876 1057.
2342 2813 2474 2897 Iph.
2542 2815 2616 2876 A.
2670 2814 2856 2876 1379.
2922 2812 3065 2877 Hel.

615 2907 802 2970 1141.
869 2905 1033 2969 Med.
1084 2906 1227 2967 228.
1280 2906 1467 2968 Arist.
1520 2904 1671 2968 th.
1719 2906 1868 2967 474.
1919 2905 2036 2967 Av.
2074 2903 2262 2966 1677.
2310 2903 2377 2966 ἐν
2421 2911 2514 2985 τῷ
2564 2902 2893 2984 Τριβαλλῷ·
2937 2907 3066 2965 πᾶν

608 2994 680 3058 τὸ
743 2999 1025 3076 πρᾶγμα.
1091 2994 1340 3058 Heliod.
1388 2992 1435 3056 Ι.
1484 2996 1542 3056 2.
1608 2994 1675 3056 ἐν
1738 2994 1837 3057 σοὶ
1889 2992 1963 3055 τὰ
2011 2992 2133 3075 ἐμὰ
2182 3029 2266 3039 —
2314 2992 2640 3066 σώζεσθαί
2686 3016 2750 3055 τε
2804 2992 2913 3055 καὶ
2954 2993 3064 3074 μή.

609 3085 854 3148 Terent.
902 3084 1153 3168 Adelph
1219 3083 1332 3147 ΙΙΙ.
1384 3085 1440 3145 2.
1492 3084 1591 3146 32.
1670 3083 1765 3145 ‘in
1824 3101 1951 3163 quo
2009 3087 2260 3145 nostrae
2315 3101 2460 3164 spes
2516 3099 2795 3164 opesque
2846 3100 3067 3145 omnes

612 3173 807 3238 sitae.’
946 3172 1059 3256 ἀφ’
1124 3171 1220 3237 ὧν
1283 3175 1416 3255 ἔχοι
1479 3197 1542 3236 τε
1575 3171 1692 3256 -]
1761 3172 1849 3236 Of.
1901 3172 2043 3234 979.
2112 3172 2249 3253 εἰκῆ
2312 3172 2642 3252 κράτιστον
2706 3173 2822 3253 ζῆν
2886 3170 3068 3241 ὅπως

614 3263 866 3327 δύναιτό
911 3286 1016 3333 τις.
1062 3264 1214 3326 Ant.
1262 3263 1407 3325 666.
1456 3261 1586 3324 ἀλλ’
1635 3263 1710 3324 ὃν
1755 3261 1935 3330 πόλις
1981 3261 2244 3343 στήσειε,
2295 3259 2481 3323 τοῦδε
2525 3259 2649 3342 χρὴ
2697 3260 2922 3323 κλύειν.
2972 3258 3068 3321 ΕΙ.

617 3354 805 3417 1378.
871 3354 913 3434 ἥ
960 3376 1030 3415 σε
1074 3351 1275 3416 πολλὰ
1327 3351 1404 3434 δὴ
1450 3352 1459 3435 Ι
1499 3351 1613 3432 ἀφ’
1661 3349 1757 3414 ῶν
1821 3352 2025 3432 ἔχοιμι
2080 3351 2329 3431 λιπαρεῖ
2382 3350 2630 3432 ’πέστην
2674 3350 2825 3431 χερί.
2877 3349 3067 3411 1379.

613 3445 683 3516 ἒξ
715 3443 871 3505 οἴων
917 3444 1047 3524 ἔχω
1088 3442 1096 3516 Ι
1140 3443 1310 3505 αἰτῶ.
1356 3441 1452 3504 Tr.
1505 3442 1604 3503 93.
1652 3441 1797 3503 505.
1847 3438 2069 3522 Eupol.
2102 3438 2183 3501 II.
2217 3439 2365 3502 466.
2413 3440 2603 3501 Arist.
2654 3437 2842 3521 Vesp.
2882 3440 3068 3501 1457.

611 3533 683 3595 τὸ
731 3531 853 3614 γὰρ
908 3531 1256 3613 ἀποστῆναι
1319 3529 1596 3613 χαλεπὸν
1660 3530 1897 3610 φύσεος
1960 3531 2040 3611 ἣν
2103 3530 2236 3611 ἔχοι
2307 3552 2395 3598 τις
2470 3528 2580 3591 ἀεί.
2649 3526 2815 3590 Nub.
2877 3527 3066 3590 1214.

613 3625 734 3685 Av.
789 3622 972 3684 1319.
1033 3620 1143 3683 Ph.
1180 3622 1326 3682 275.
1383 3621 1632 3702 ᾤχοντο
1665 3655 1750 3665 —
1782 3619 2127 3699 προθέντες
2161 3654 2243 3664 —
2277 3618 2364 3681 οἷ’
2412 3617 2623 3687 αὐτοῖς
2667 3617 2860 3699 τύχοι.
2916 3615 3067 3679 Eur.

614 3710 853 3774 Phoen.
908 3711 1093 3773 1029.
1141 3711 1199 3773 εἰ
1240 3709 1361 3791 γὰρ
1406 3707 1627 3792 λαβὼν
1672 3709 1935 3778 ἕκαστος
1981 3708 2022 3770 ὅ
2049 3731 2101 3770 τι
2135 3706 2386 3770 δύναιτό
2426 3730 2514 3777 τις
2554 3707 2562 3791 Ι
2603 3705 2877 3789 χρηστὸν
2911 3705 3067 3769 διέλ-

614 3801 724 3863 θοι
770 3800 1191 3882 (παράσχοιῖ)
1237 3805 1448 3872 τοῦτο,
1494 3797 1620 3860 κτλ.

795 3909 940 3970 317.
988 3906 1148 3990 λύει]
1216 3904 1304 3969 Cf.
1372 3906 1452 3968 ad
1501 3904 1592 3967 ΕΙ.
1646 3905 1833 3968 1005.
1898 3902 2046 3967 Eur.
2095 3902 2287 3987 Hipp.
2336 3904 2481 3966 443.
2550 3902 2627 3965 οὖ
2704 3903 2861 3984 τᾶρα
2940 3902 3069 3965 λύει

615 4002 743 4066 τοῖς
789 3999 982 4078 ἐρῶσι
1029 4001 1157 4059 τῶν
1202 3996 1423 4068 πέλας,
1470 3994 1596 4057 κτλ.
1676 3991 1771 4058 De
1828 4012 2020 4057 sensu
2067 3992 2190 4056 loci
2237 3993 2310 4056 ef.
2356 3992 2454 4055 Tr.
2505 3993 2631 4054 312
2666 4010 2756 4074 sq.
2877 3997 3068 4054 ταῦτα

617 4086 739 4169 γὰρ
789 4123 869 4131 -
921 4084 1222 4168 ὀιώλεσα]
1280 4083 1374 4147 Ea
1438 4083 1700 4147 fortasse
1767 4082 2084 4166 significat
2144 4101 2308 4164 quae
2372 4083 2583 4144 futura
2646 4082 2810 4144 vatis
2872 4082 3069 4143 menti

618 4174 1051 4238 obversantur.
1140 4175 1246 4238 Sic
1292 4175 1440 4237 Ant.
1489 4174 1635 4235 229.
1702 4172 1809 4234 καὶ
1871 4171 2005 4235 τάδ’
2072 4174 2292 4234 εἴσεται
2337 4170 2571 4251 Κρέων
2612 4171 2620 4252 Ι
2660 4171 2853 4233 ἄλλου
2918 4169 3070 4249 παρ’

617 4265 884 4345 ἀνδρός,·
962 4263 1053 4327 Of.
1113 4263 1338 4326 Aesch.
1387 4264 1504 4345 Ag.
1556 4264 1656 4326 37.
1713 4262 1807 4331 ὡς
1864 4261 2035 4325 ἑκὼν
2099 4261 2226 4342 ἐγὼ
2268 4261 2277 4344 Ι
2317 4262 2638 4342 μαθοῦσιν
2702 4259 2887 4322 αὐδῶ
2951 4259 3073 4322 κού

615 4355 900 4436 μαθοῦσι
946 4353 1244 4436 λήθομαι.
1294 4350 1527 4414 Herod.
1575 4351 1686 4415 IV.
1737 4353 1839 4413 43.
1887 4356 1997 4414 τοῦ
2046 4351 2453 4431 ἐπιστάμενος
2498 4350 2568 4411 τὸ
2617 4350 2867 4430 οὕνομα
2899 4349 3071 4411 ἑκὼν

617 4444 1016 4525 ἐπιλήθομαι.
1065 4441 1267 4505 Plaut.
1317 4440 1450 4504 Mil.
1500 4441 1666 4503 Glor.
1712 4440 1794 4503 II.
1845 4441 1902 4501 6.
1951 4441 2052 4502 88.
2110 4440 2419 4522 ‘linguam
2480 4440 2857 4521 comprimes
2902 4443 3071 4521 post-

617 4533 764 4600 hac:
814 4534 1004 4600 etiam
1052 4531 1212 4594 illud
1259 4530 1432 4616 quod
1477 4531 1638 4593 scies
1684 4527 2069 4594 nesciveris)
2152 4527 2268 4605 Qu.
2316 4529 2519 4592 πάντα
2570 4565 2679 4590 -.
