3463 5287
1351 464 1742 514 anocwmns
2641 442 2788 512 445‘

503 630 691 693 1403.
739 628 1051 712 ἀντέρειδε
1097 666 1182 677 --
1227 629 1411 712 βάσιν
1456 629 1598 713 σήν]
1648 629 1738 693 Of.
1786 627 1856 691 Ο.
1897 627 1961 691 C.
2013 630 2157 693 199.
2202 628 2380 711 βάσει
2425 629 2610 711 βάσιν
2655 629 2796 713 ἅρῇ

315 742 691 872 ,noma-4⁰5·
736 809 795 871 τί
836 807 985 890 γὰρ,
1038 806 1149 872 ἐὰν
1192 808 1493 889 πορθῶσι
1540 807 1691 891 —-,·]
1742 807 1832 871 Cf.
1885 808 2072 871 Arist.
2121 806 2287 871 Nub.
2337 808 2482 869 351.
2530 807 2589 869 τί
2629 806 2769 891 γὰρ,

320 902 399 981 ἢν
444 899 702 981 ἅρπαγα
748 902 877 961 τῶν
925 898 1255 981 δημοσίων
1299 897 1599 962 κατίδωσι
1649 921 1767 971 —,·

503 989 690 1051 1407.
738 988 929 1067 εἴρξω
975 985 1284 1070 πελάζειν]
1333 986 1423 1051 Cf.
1472 984 1540 1049 Ο.
1574 985 1649 1049 Β.
1705 987 1846 1049 129.
1894 984 2059 1068 εἶργε
2103 985 2269 1049 τοῦτ’
2315 985 2629 1059 ἐξειδέναι.
2674 986 2771 1050 Tr.

326 1077 513 1140 1257.
579 1077 677 1160 Aj.
730 1076 829 1139 70.
896 1074 1046 1139 Eur.
1095 1073 1197 1139 Or.
1252 1075 1438 1139 1572.
1503 1076 1547 1139 ἅ
1592 1075 1650 1139 σ’
1697 1077 1883 1158 εἴρξει
1935 1075 2026 1158 μὴ
2087 1075 2314 1158 δόμων
2359 1077 2508 1139 εἴσω
2554 1080 2772 1158 περᾶν.

320 1166 471 1229 Eur.
518 1164 669 1230 Her.
719 1165 864 1228 340.
942 1165 1065 1230 Sed
1112 1163 1265 1230 Her.
1314 1165 1460 1229 963.
1508 1166 1694 1247 εἴργει
1739 1164 1921 1228 τόνδε
1964 1165 2056 1249 μὴ
2105 1165 2323 1228 θανεῖν
2369 1164 2585 1247 νόμος.

501 1256 690 1319 1409.
734 1255 936 1337 μήπω
1002 1278 1071 1336 γε
1119 1253 1235 1338 -]
1303 1253 1391 1318 Cf.
1451 1255 1691 1319 Aesch.·
1734 1254 1944 1318 Prom.
2004 1254 2150 1317 631.
2219 1255 2409 1318 Arist.
2457 1253 2573 1338 Eq.
2625 1254 2770 1318 960.

324 1345 511 1408 1101.
571 1343 734 1407 Nub.
784 1344 929 1407 267.
980 1344 1136 1408 Plat.
1168 1342 1434 1407 Phaedr.
1484 1363 1538 1426 p.
1575 1346 1701 1407 342
1725 1342 1797 1407 G.
1825 1344 2029 1426 μήπω
2063 1367 2132 1425 γε
2161 1343 2310 1425 πρὶν
2340 1345 2420 1406 ἂν
2449 1342 2520 1407 τὸ
2551 1349 2771 1427 καῦμα

318 1432 628 1516 παρέλθῃ.
677 1432 865 1497 etad
913 1434 1103 1497 Arist.
1153 1433 1311 1497 Ach.
1365 1433 1506 1496 176.

502 1523 690 1586 1411.
745 1521 1034 1607 φάσκειν]
1102 1520 1188 1584 Cf.
1238 1520 1308 1585 Ο.
1347 1519 1420 1584 R.
1467 1522 1614 1585 462.
1681 1521 1776 1585 El.
1829 1523 1885 1586 9.
1953 1520 2101 1586 Eur.
2148 1522 2285 1586 Tro.
2332 1523 2483 1585 42l.
2550 1522 2627 1585 σὺ
2695 1522 2771 1596 δ’,

319 1600 486 1695 ἥνικ’
518 1612 597 1674 ἄν
628 1635 698 1675 σε
728 1611 1008 1694 Λαρτίου
1039 1611 1244 1693 χρῄζῃ
1276 1611 1465 1681 τόκος
1504 1610 1514 1693 Ι
1554 1603 1743 1693 ἄγειν,
1776 1612 2056 1676 ἔπεσθαι.
2090 1611 2240 1675 Her.
2276 1612 2421 1675 314.
2454 1611 2591 1675 Ion.
2630 1613 2771 1675 10l.

320 1702 514 1765 Arist.
563 1700 657 1764 ΡΙ.
707 1700 851 1764 598.
1035 1700 1241 1782 αὐδὴν
1288 1737 1370 1746 -
1420 1701 1588 1784 ἀκοῇ
1642 1724 1705 1763 τε
1750 1701 1960 1764 κλύειν
2012 1700 2291 1765 λεύσσειν
2343 1699 2395 1763 τ’
2442 1700 2618 1784 ὄψιν]
2675 1699 2772 1765 De

318 1790 791 1855 constructione
846 1790 919 1853 cf.
985 1789 1054 1853 O.
1087 1787 1159 1852 R.
1212 1790 1356 1853 758.
1422 1789 1536 1872 ἀφ’
1593 1788 1671 1853 οὗ
1723 1828 1806 1836 -
1852 1790 2051 1873 κράτη
2118 1791 2189 1853 σέ
2251 1789 2303 1852 τ’
2369 1788 2482 1854 εἶδ’
2547 1791 2769 1873 ἔχοντα

318 1880 524 1944 Λάΐόν
567 1877 618 1941 τ’
666 1878 964 1942 ὀλωλότα.
1014 1880 1163 1942 Ant.
1218 1879 1358 1942 120.
1406 1879 1521 1961 ἔβα
1568 1880 1716 1961 πρίν
1761 1879 1919 1943 ποθ’
1967 1880 2292 1961 ἁμετέρων
2337 1879 2624 1961 αἱμάτων
2670 1880 2769 1961 γέ-

318 1993 494 2033 νυσιν
555 1968 924 2051 πλησθῆναί
984 1992 1049 2032 τε
1111 1968 1218 2031 καὶ
1283 1969 1669 2050 στεφάνωμα
1734 1970 2004 2051 πύργων
2059 2005 2143 2014 -—
2178 1966 2535 2051 ‘qutotov
2598 1969 2769 2032 ἑλεῖν.

320 2058 469 2121 Eur.
503 2056 665 2121 Med.
704 2058 890 2121 1104.
938 2058 1046 2121 καὶ
1093 2056 1171 2141 δὴ
1222 2056 1343 2140 γὰρ
1390 2058 1523 2128 ἅλις
1567 2058 1781 2140 βίοτόν
1826 2058 1895 2121 θ’
1943 2054 2161 2140 ηὗρον,
2208 2058 2473 2139 σώματά
2505 2056 2574 2121 θ’
2606 2058 2772 2141 ἥβην

321 2148 574 2229 εἰσῆλθε
617 2148 873 2211 τέκνων.
936 2148 1121 2210 Arist.
1169 2144 1327 2209 Rau.
1381 2147 1567 2209 1070.
1616 2150 1654 2229 ἢ
1708 2145 2073 2220 ’ξεκένωσεν
2118 2146 2228 2217 τάς
2281 2171 2346 2210 τε
2389 2147 2772 2229 παλαίστρας

319 2236 428 2300 καὶ
470 2235 579 2307 τὰς
632 2236 840 2318 πυγὰς
896 2237 1216 2319 ἐνέτριψεν
1263 2237 1484 2314 (συν.Ρ)
1530 2236 1656 2299 κτλ.
1725 2235 1913 2319 Vesp.
1962 2237 2109 2298 452.
2158 2235 2292 2298 ἀλλ’
2348 2236 2494 2307 ἄνες
2535 2260 2628 2318 με
2663 2235 2772 2300 καὶ

319 2325 397 2389 σὺ
461 2327 569 2389 καὶ
631 2328 726 2389 σύ.
779 2325 873 2388 ΕΙ.
925 2326 1070 2389 913.
1119 2326 1265 2389 995.
1332 2327 1479 2388 Ant.
1530 2325 1676 2387 203.
1729 2325 1873 2388 762.
1941 2323 2010 2389 O.
2044 2323 2115 2387 R.
2170 2325 2354 2388 1020.
2405 2323 2474 2389 O.
2507 2325 2572 2389 C.
2623 2327 2768 2388 551.

321 2415 513 2479 Arist.
546 2416 665 2478 AV.
705 2416 845 2477 131.
894 2415 1075 2486 ὅπως
1105 2416 1362 2497 παρέσει
1392 2438 1504 2497 μοι
1535 2414 1642 2477 καὶ
1673 2412 1751 2478 σὺ
1783 2413 1890 2477 καὶ
1920 2413 1992 2476 τὰ
2039 2413 2274 2476 παιδία.
2325 2414 2469 2476 843.
2518 2413 2634 2496 Eq.
2671 2416 2770 2478 75.

319 2504 476 2568 Plat.
508 2504 699 2587 Hipp.
733 2502 876 2585 Maj.
911 2505 1056 2567 286.
1105 2505 1286 2575 ὅπως
1330 2505 1589 2587 παρέσει
1634 2503 1743 2566 καὶ
1788 2502 1977 2573 αὐτὸς
2021 2503 2128 2567 καὶ
2173 2502 2402 2573 ἄλλους
2447 2503 2631 2576 ἄξεις.

502 2595 689 2657 1413.
745 2592 857 2676 τὴν
912 2592 1029 2677 σὴν
1076 2631 1160 2639 -—
1207 2592 1414 2678 χάριν]
1481 2591 1571 2657 Cf.
1617 2592 1713 2657 Tr.
1763 2593 1909 2657 485
1967 2593 2179 2657 κείνου
2244 2615 2306 2657 τε
2359 2592 2467 2657 καὶ
2522 2592 2640 2676 σὴν
2703 2594 2773 2668 ἐξ

318 2685 458 2748 ἴσου
522 2683 744 2765 κοινὴν
806 2684 1004 2766 χάριν.
1075 2683 1224 2747 Eur.
1276 2681 1371 2747 Fr.
1421 2684 1567 2746 270.
1633 2683 1819 2794 ἐμὴν
1861 2683 2062 2766 χάριν.
2129 2683 2319 2746 Arist.
2368 2683 2528 2746 th.
2582 2684 2769 2747 1232.

319 2772 451 2836 ἀλλ’
498 2772 836 2854 ἑψόμεσθα
884 2772 1002 2855 σὴν
1047 2772 1247 2855 χάριν.

501 2862 688 2924 1419.
735 2863 1021 2944 πονήσας
1080 2901 1161 2909 -
1216 2861 1488 2946 πόνους]
1547 2861 1636 2926 Of.
1682 2863 1938 2926 Theoor.
1988 2862 2201 2945 Epigr.
2251 2862 2353 2944 20,
2390 2863 2447 2924 5.
2513 2863 2772 2945 χῶσους

319 2951 698 3025 ὲξεπόνασεν
746 2950 866 3015 εἶπ’
914 2952 1204 3023 ἀέθλους.

500 3059 687 3122 1420.
735 3058 1059 3123 ἀθάνατον
1105 3058 1354 3143 ἀρετὴν]
1403 3058 1492 3122 Of.
1526 3058 1682 3123 Plat.
1716 3059 1932 3143 Symp.
1966 3079 2020 3142 p.
2061 3058 2183 3121 108
2208 3058 2284 3122 D.
2332 3059 2556 3141 ἀρετῆς
2603 3059 2766 3122 ἄθα-

316 3148 525 3212 νάτου.
572 3148 752 3212 Dem.
785 3169 842 3232 p.
881 3144 1068 3211 1397.
1105 3148 1299 3222 δόξαν
1344 3148 1681 3212 ἀθάνατον.
1864 3147 2092 3230 ἀρετὴν
2123 3145 2335 3230 ἔσχον]
2369 3146 2458 3210 Cf.
2493 3147 2586 3209 ΕΙ.
2625 3147 2767 3211 968.

316 3239 636 3321 εὐσέβειαν
682 3275 767 3285 --
815 3239 983 3301 οἴσει.
1052 3238 1202 3301 Eur.
1250 3236 1414 3302 Med.
1464 3239 1608 3302 628.
1640 3236 1921 3320 ’Έρωτες
1978 3274 2061 3283 --
2121 3236 2241 3300 οὐκ
2289 3236 2582 3310 εὐδοξίαν
2629 3236 2769 3299 οὐδ’

316 3326 543 3408 ἀρετὰν
573 3328 966 3408 παρέδωκαν
997 3333 1111 3391 etc.
1143 3326 1330 3392 Hero.
1367 3328 1510 3390 357.
1546 3329 1849 3409 γενναίων
1882 3326 1940 3391 δ’
1973 3325 2185 3408 ἀρεταὶ
2215 3326 2452 3390 πόνων.
2493 3324 2769 3407 Theogn.

323 3417 470 3478 487.
517 3417 671 3498 μηδ’
737 3417 1082 3499 αἰσχροῖσιν
1150 3417 1248 3480 ἐπ’
1314 3418 1578 3498 ἔργμασι
1625 3453 1712 3463 —-
1760 3416 1986 3497 ἀρετὰς
2047 3415 2230 3479 ἔλκευ
2295 3414 2451 3497 μηδ’
2516 3415 2768 3497 ἄφενος.

318 3503 577 3567 Hesiod.
625 3503 740 3589 Op.
789 3506 934 3569 313.
990 3507 1246 3587 πλούτῳ
1304 3506 1359 3569 δ’
1425 3505 1612 3588 ἀρετὴ
1679 3506 1789 3569 καὶ
1855 3506 2054 3576 κῦδος
2111 3505 2351 3587 ὀπηδεῖ.
2419 3503 2606 3567 Hom.
2655 3503 2768 3567 Od.

323 3596 422 3676 14,
455 3594 601 3657 402.
649 3594 819 3658 οὕτω
867 3595 988 3676 γάρ
1034 3596 1144 3658 κέν
1187 3619 1297 3676 μοι
1344 3595 1589 3678 ἐϋκλείη
1638 3596 1687 3657 τ’
1735 3597 1923 3678 ἀρετή
1955 3620 2018 3659 τε
2057 3595 2067 3680 Ι
2109 3596 2220 3677 εἴη.
2357 3594 2450 3665 ὡς
2496 3594 2769 3675 πάρεσθ’

317 3682 499 3766 ὁρᾶν]
549 3682 637 3747 Cf.
684 3683 914 3747 Aesch.
960 3685 1077 3768 Ag.
1132 3684 1318 3747 1354.
1367 3684 1526 3765 ὁρᾶν
1572 3685 1842 3765 πάρεστι.

501 3790 689 3853 1421.
735 3790 843 3854 καὶ
887 3791 986 3854 σοὶ
1032 3828 1117 3836 —
1164 3790 1328 3854 τοῦτ’
1385 3791 1690 3874 ὀφείλεται
1746 3791 2001 3875 παθεῖν]
2059 3791 2147 3855 Cf.
2196 3790 2292 3854 El.
2346 3792 2533 3854 1173.
2580 3795 2770 3853 πᾶσιν

318 3878 440 3962 γὰρ
486 3880 637 3961 ἡμῖν
681 3879 847 3944 τοῦτ’
896 3880 1044 3963 ὀφε’
1139 3904 1203 3943 αι
1248 3882 1496 3944 παθεῖν.

500 3988 688 4049 1422.
735 3988 808 4051 ἐκ
853 3992 982 4051 τῶν
1025 3988 1113 4050 πό
1214 4012 1247 4050 ν
1296 3987 1412 4072 -]
1470 3987 1558 4051 Cf.
1602 3988 1794 4051 Thuc.
1842 3988 1889 4051 I.
1942 3989 2085 4050 123.
2139 3989 2404 4069 πάτριον
2452 3986 2573 4068 γὰρ
2621 3988 2770 4068 ἡμῖν

317 4076 388 4138 ἔκ
435 4080 563 4139 τῶν
608 4077 830 4140 πόνων
875 4075 984 4147 τὰς
1030 4076 1255 4158 ἀρετὰς
1300 4077 1586 4141 κτᾶσθαι.
1724 4078 1949 4140 εὐκλεᾶ
1995 4078 2228 4141 θέσθαι
2273 4076 2439 4160 βίον]
2489 4076 2577 4141 Cf.
2619 4075 2768 4138 Eur.

316 4164 471 4230 HeO.
523 4167 667 4228 754.
715 4166 1052 4248 ἐλεύθερον
1094 4167 1102 4248 Ι
1143 4167 1345 4230 αἰῶνα
1392 4167 1640 4231 θέσθαι.

501 4274 686 4334 1424.
735 4272 928 4336 νόσου
973 4270 1229 4358 παύσει]
1279 4271 1366 4335 Cf.
1420 4275 1606 4337 1379.
1655 4273 1913 4338 Hesiod.
1957 4274 2068 4336 Th.
2109 4274 2254 4336 533.
2301 4273 2524 4356 παύθη
2572 4272 2769 4354 χόλου

318 4362 393 4423 ὃν
437 4360 585 4443 πρὶν
631 4362 900 4444 ἔχεσκεν.

499 4470 688 4532 1427.
745 4474 1021 4551 νοσφιεῖς
1083 4468 1261 4553 βίου]
1328 4467 1415 4532 Cf.
1484 4471 1628 4532 979.
1706 4470 2143 4552 ἀπονοσφίσας
2218 4469 2453 4533 ὅπλων.
2540 4467 2769 4531 Aesch.

318 4558 469 4622 ChO.
519 4558 665 4622 620.
712 4556 923 4621 Νῖσον
986 4595 1053 4604 -
1100 4558 1310 4641 τριχὸς
1356 4559 1725 4643 νοσφίσασα.
