3463 5287
655 428 733 491 16
1799 448 1954 494 Aux

820 608 964 670 515.
1011 606 1334 691 ᾔστωσας]
1403 606 1494 671 Cf.
1544 504 1817 671 151481
1853 628 1905 671 a.
1970 606 2174 692 κηρὸν
2228 609 2521 691 ᾀστώσας
2583 610 2751 695 πυρί.
2805 610 2901 675 Tr.
2952 613 3098 676 881.

638 694 834 779 αὑτὴν
883 697 1233 779 διηάστωσε
1278 696 1761 780 (διεξῄστωσεῖ).
1813 697 1948 761 Sic
1995 699 2212 781 δῃοῦν,
2263 700 2445 783 δῇος,
2491 701 2719 783 ᾔθεος,
2769 706 2884 766 eto.

818 787 961 849 516.
1012 784 1103 849 Cf.
1151 785 1300 849 Eur.
1350 784 1563 869 Suppl.
1615 787 1762 849 609.
1817 787 1926 850 τὸν
1973 788 2224 871 εὐτυχίᾳ
2269 788 2566 872 λαμπρὸν
2612 790 2691 853 ἄν
2733 815 2823 861 τις
2869 788 3093 874 αἱροῖ’
3085 822 3093 880 Ι

692 879 760 938 οῖ
795 898 835 938 α
881 875 1082 938 πάλιν.

637 899 689 958 μ
752 899 792 957 Q
819 966 963 1027 517.
1011 962 1327 1048 καθεῖλεν]
1374 964 1422 1027 Ι.
1456 983 1506 1027 6.
1554 962 1875 1047 κατέβαλε.
1955 963 2044 1028 Cf.
2095 965 2166 1029 Ο.
2201 965 2267 1030 C.
2307 968 2493 1031 1689.
2541 968 2702 1033 κατά
2746 994 2830 1051 με
2876 970 3098 1053 φόνιος

637 1051 820 1124 ἀΐδας
886 1054 1013 1117 ἕλοι
1075 1054 1261 1137 πατρὶ
1318 1054 1653 1127 ξυνθανεῖν
1700 1062 1953 1137 γεραιῷ.
2021 1056 2170 1118 Ant.
2225 1057 2410 1120 1158.
2461 1057 2646 1143 Soph.
2694 1058 2793 1121 Fr.
2844 1061 2990 1142 588,
3037 1061 3095 1124 4.

628 1141 785 1205 Eur.
817 1142 915 1207 Fr.
952 1143 1099 1225 420,
1132 1144 1187 1205 3.
1234 1143 1334 1226 μί’
1381 1144 1590 1227 ἡμέρα
1636 1143 1709 1206 τὰ
1756 1143 1876 1260 μὲν
1921 1144 2215 1208 καθεῖλεν
2260 1145 2530 1228 ὑψόθεν,
2578 1147 2651 1211 τὰ
2699 1149 2756 1211 δ’
2786 1148 2891 1232 ἦρ’
2939 1151 3094 1214 ἄνω.

636 1232 862 1296 Aesch.
915 1234 1030 1315 Ag.
1067 1193 1211 1296 39.6
1257 1231 1366 1296 τὸν
1415 1232 1589 1295 δ’-
1623 1236 1785 1316 φῶτ’
1832 1233 2058 1297 ἄδικον
2103 1234 2416 1316 καθαιρεῖ.
2481 1236 2831 1300 Thuc.H1.
2885 1240 2984 1302 68.
3037 1240 3093 1301 3.

633 1321 1010 1392 καθελόντες
1053 1320 1165 1404 τὴν
1209 1321 1391 1385 πόλιν
1436 1323 1523 1392 εἰς
1553 1322 1812 1404 ἔδαφος.
1859 1322 1973 1386 III.
2012 1324 2110 1386 13.
2148 1323 2202 1386 7.
2250 1324 2298 1386 Ι.
2337 1324 2437 1385 77.
2473 1325 2530 1385 6.
2666 1327 3091 1412 θανασίμους]

635 1408 724 1473 Cf.
760 1410 830 1475 Ο.
852 1412 922 1475 R.
959 1411 1103 1474 959.
1153 1410 1315 1474 Phil.
1365 1412 1511 1474 819.
1558 1411 1652 1474 Tr.
1707 1411 1893 1473 1161.
1929 1411 2146 1475 Ἅιδου
2195 1412 2509 1493 φθίμενος
2556 1413 2852 1495 οἰκήτωρ.

815 1501 960 1564 519.
1009 1499 1096 1563 Of.
1154 1498 1223 1563 Ο.
1258 1498 1328 1563 R.
1379 1502 1523 1564 314.
1591 1500 1660 1564 Ο.
1696 1499 1763 1565 C
1812 1501 1958 1563 247.
2023 1500 2188 1564 Xen.
2248 1496 2478 1565 066011.
2526 1499 2670 1563 VII.
2723 1501 2822 1563 14.
2897 1504 2986 1572 τίς
3049 1506 3088 1584 ἡ

635 1588 755 1672 ἐμὴ
807 1590 1104 1672 δύναμις,·
1151 1589 1282 1652 ἀλλ’
1330 1590 1396 1652 ἒν
1442 1590 1543 1653 σοὶ
1587 1591 1790 1653 πάντα
1838 1591 2014 1653 ἐστίν.

813 1682 957 1742 522.
1005 1678 1096 1743 Cf.
1146 1677 1215 1741 Ο.
1250 1677 1316 1742 C.
1367 1679 1510 1743 779.
1558 1679 1927 1743 Anaxandr.
1962 1679 2062 1742 66.
2112 1678 2253 1762 οὐχὶ
2298 1678 2472 1761 παρὰ
2519 1679 2775 1750 πολλοῖς
2819 1680 2858 1761 ἡ
2906 1679 3087 1762 χάρις

629 1769 809 1832 τίκτει
863 1769 1063 1853 χάριν.
1244 1768 1425 1851 χάρις
1478 1770 1661 1851 χάριν
1717 1768 1839 1851 γὰρ
1889 1768 2005 1853 —-]
2073 1766 2163 1831 Cf.
2221 1766 2406 1851 Soph.
2455 1769 2617 1832 Phil.
2670 1770 2814 1832 955.
2880 1768 3085 1851 φόνον

631 1858 838 1940 φόνου
887 1858 955 1922 δὲ
1002 1859 1222 1940 ῥύσιον
1266 1858 1416 1922 τίσω
1461 1858 1665 1928 τάλας.
1712 1859 1941 1922 Aesch.
1990 1858 2091 1922 Pr.
2141 1859 2242 1921 29.
2290 1856 2443 1928 θεὸς
2487 1859 2666 1922 ’θεῶν
2712 1857 2834 1940 γὰρ
2884 1896 3000 1919 -.

813 1950 957 2011 523.
1005 1948 1279 2029 ἀπορρεῖ
1333 1945 1621 2031 μνῆστις]
1697 1947 1786 2011 Cf.
1849 1949 2037 2011 1267.
2110 1948 2321 2031 ταχεῖά
2391 1971 2479 2018 τις
2540 1949 2793 2030 βροτοῖς
2847 1947 2856 2031 Ι
2907 1948 3091 2031 χάρις

634 2037 889 2120 διαρρεῖ.
938 2037 1030 2099 ΕΙ.
1068 2037 1255 2101 1000.
1303 2037 1454 2118 ἡμῖν
1502 2035 1560 2100 δ’
1607 2037 1883 2119 ἀπορρεῖ
1922 2037 2234 2120 (δαίμων).
2283 2034 2548 2121 Longin.
2583 2037 2661 2102 de
2694 2037 2854 2101 subl.
2893 2039 2994 2120 33,
3029 2039 3087 2101 3.

629 2131 759 2190 τῶν
805 2126 1022 2189 καλῶν
1069 2127 1107 2208 ἡ
1154 2127 1376 2209 μνήμη
1426 2127 1669 2209 ταχέως
1715 2126 1997 2209 ἀπορρεῖ.

812 2217 957 2278 534.
1003 2216 1251 2296 πρέπον
1300 2215 1416 2299 -Ι
1468 2215 1765 2298 Angheo,
1818 2215 1993 2278 This
2041 2215 2286 2278 would
2349 2217 2534 2279 have
2582 2215 2772 2279 been
2820 2235 2857 2278 a
2902 2235 3090 2279 wor-

632 2305 763 2387 thy
827 2309 947 2368 act
1002 2306 1079 2367 of
1119 2325 1235 2386 my
1282 2306 1570 2387 genjus.
1710 2306 2014 2387 δαίμονος
2058 2304 2325 2389 τούμοῦ]
2376 2305 2464 2369 cf.
2514 2303 2584 2368 Ο.
2616 2305 2690 2368 R.
2743 2306 2931 2368 1194.
2979 2304 3089 2368 τὸν

629 2393 743 2457 σὸν
790 2394 1078 2476 δαίμονα.
1135 2393 1229 2456 Tr.
1282 2395 1425 2457 910.
1480 2393 1587 2456 τὸν
1633 2394 1827 2477 αὑτῆς
1884 2394 2131 2477 δαίμον’
2179 2394 2681 2477 ἀνακαλουμένη.
2755 2394 2844 2456 ΕΙ.
2900 2395 3085 2457 1156.

629 2483 667 2546 δ
715 2484 1025 2567 δυστυχὴς
1066 2481 1074 2568 Ι
1117 2483 1366 2566 δαίμων
1412 2484 1449 2546 ὁ
1497 2484 1608 2552 σός
1653 2508 1715 2546 τε
1762 2484 1987 2566 κάμός.
2037 2482 2107 2545 O.
2142 2483 2207 2547 C.
2259 2485 2358 2547 76.
2406 2484 2557 2547 Eur.
2607 2484 2744 2546 Alc.
2787 2484 2930 2546 510.
2981 2483 3090 2547 καὶ

630 2573 810 2636 τόνδε
873 2574 1115 2656 τούμοῦ
1182 2574 1485 2656 δαίμονος
1547 2572 1749 2636 πόνον
1812 2573 2031 2657 λέγεις·
2073 2572 2081 2659 Ι
2123 2572 2397 2658 σκληρὸς
2443 2572 2564 2657 γὰρ
2612 2572 2707 2636 ἀεὶ
2753 2580 2869 2636 etc.
2921 2573 3084 2636 Med.

636 2664 822 2726 1336.
870 2664 1012 2746 ἐμοὶ
1059 2663 1129 2726 δὲ
1174 2661 1280 2726 τὸν
1327 2662 1484 2745 ἐμὸν
1532 2662 1783 2744 δαίμον’
1830 2664 2066 2738 αἰάζειν
2111 2663 2304 2745 πάρα.

811 2753 955 2816 537.
1004 2754 1096 2823 ὠς
1141 2753 1212 2816 ἐκ
1260 2750 1481 2834 τῶνδ’]
1551 2750 1639 2815 Cf.
1685 2751 1878 2816 Thuo.
1925 2752 2036 2816 IV.
2090 2755 2187 2815 17.
2252 2753 2345 2823 ὡς
2409 2753 2480 2815 ἐκ
2550 2757 2677 2815 τῶν
2730 2752 3085 2834 παρόντων.

632 2841 772 2905 VII.
826 2842 921 2904 76.
973 2842 1066 2912 ὡς
1129 2844 1203 2905 ἐκ
1259 2847 1386 2905 τῶν
1451 2841 1888 2925 ὑπαρχόντων.
1946 2841 2097 2905 Eur.
2158 2844 2352 2904 Andr.
2406 2842 2592 2904 1184.
2652 2838 2836 2911 οὗτός
2898 2841 2950 2903 τ’
3008 2844 3087 2904 ἂν

630 2931 723 3001 ὥς
769 2931 840 2995 ἐκ
886 2930 1076 2995 τῶνδ’
1122 2930 1351 3014 ἐτιμᾶτ’
1383 2933 1480 3004 ἂν,
1515 2932 1719 3013 γέρον,
1762 2931 1771 3014 Ι
1812 2931 2057 3009 θανὼν,
2092 2937 2205 2994 etc.
2243 2930 2476 2994 Herod.
2499 2929 2672 2994 VIII.
2705 2931 2847 2994 101.
2894 2936 3085 2994 ταῦτα

629 3021 912 3092 ἀκούσας
960 3020 1201 3104 Ξέρξης
1247 3021 1340 3091 ὡς
1387 3021 1458 3084 ἐκ
1503 3025 1729 3084 κακῶν
1776 3019 1992 3104 ἐχάρη.

810 3112 955 3173 538.
1005 3110 1117 3180 δός
1170 3134 1283 3192 μοι
1337 3116 1697 3193 προσειπεῖν
1753 3109 1946 3173 αὐτὸν
1995 3108 2111 3193 -]
2174 3108 2266 3173 Cf.
2316 3110 2504 3173 Arist.
2553 3109 2709 3172 Ach.
2759 3110 2904 3172 882.
2975 3109 3086 3179 δός

626 3223 738 3282 μοι
784 3205 1161 3282 προσειπεῖν,
1210 3200 1267 3262 εἶ
1307 3201 1520 3282 φέρεις
1564 3198 1673 3269 τὰς
1719 3199 2003 3282 ἐγχέλεις.

813 3290 958 3353 540.
1005 3288 1095 3371 μὴ
1164 3288 1274 3372 οὗ]
1344 3287 1535 3353 Recto
1592 3308 1660 3352 se
1726 3287 1964 3352 habent
2024 3288 2373 3371 partic-ulae
2434 3287 2525 3371 μὴ
2586 3287 2692 3361 οὗ,
2762 3285 2957 3372 quum
3015 3289 3087 3351 in

630 3379 824 3444 verbo
869 3378 1114 3461 μέλλειν
1160 3378 1516 3462 negationis
1564 3379 1738 3443 notio
1785 3378 1951 3442 insit.
2031 3376 2118 3441 cf.
2153 3378 2230 3441 ad
2259 3376 2327 3441 Ο.
2350 3376 2421 3440 R.
2450 3378 2546 3441 13.
2570 3379 2716 3441 221.
2752 3375 2823 3440 O.
2847 3377 2913 3442 C.
2937 3378 3082 3440 360.

717 3469 1073 3550 παρουσίαν
1119 3465 1304 3551 ἔχειν]
1354 3466 1441 3531 Cf.
1497 3468 1720 3531 Aesch.
1771 3467 1979 3532 Prom.
2030 3468 2176 3531 627.

808 3559 952 3620 543.
1002 3555 1089 3621 Cf.
1142 3557 1365 3622 Aesch.
1413 3557 1581 3640 Sept„
1630 3558 1776 3620 202.
1833 3559 2116 3639 ἤκουσας
2170 3559 2210 3639 ἢ
2259 3557 2379 3620 οὐκ
2425 3558 2734 3639 ἤκουσας,
2793 3559 2832 3639 ἢ
2880 3562 3079 3639 κωφῇ

626 3645 825 3728 λέγω,·
959 3646 1345 3729 λελειμμένῳ
1391 3645 1617 3730 λόγου]
1666 3646 1712 3709 Ι.
1763 3667 1812 3708 6.
1860 3645 2071 3709 Jussi
2119 3647 2264 3708 11161
2312 3646 2594 3729 ignaro.
2653 3646 2741 3709 Cf.
2791 3645 2884 3708 El.
2934 3648 3080 3708 474.

808 3738 952 3800 545.
1000 3734 1159 3819 αἶρ’]
1218 3733 1423 3799 Schol.
1479 3735 1806 3819 πρόσφερε
1854 3773 1962 3796 —-.
2042 3734 2133 3798 Cf.
2192 3735 2384 3798 Arist.
2437 3733 2576 3798 Pac.
2633 3735 2683 3796 1.
2738 3734 2925 3796 1226.
2970 3734 3081 3797 Τ11.

627 3827 774 3888 255.
832 3825 987 3888 Plat.
1036 3845 1190 3888 com.
1238 3823 1319 3888 ΙΙ.
1370 3825 1515 3887 630.
1582 3823 1707 3905 αἶρ’
1755 3824 1954 3906 ὕδωρ.
2025 3824 2174 3886 Eur.
2226 3824 2316 3885 El.
2369 3824 2511 3887 791.
2562 3823 2708 3886 800.
2776 3822 2960 3885 Hom.
3008 3821 3081 3885 Il.

629 3916 687 3997 6,
736 3915 881 3978 264.
926 3916 1018 3997 μή
1066 3938 1178 3996 μοι
1226 3913 1398 3978 οἶνον
1444 3914 1627 3997 ἄειρε.
1673 3913 1929 3976 Theocr.
1969 3910 2114 3976 XV.
2149 3914 2250 3975 27.
2298 3911 2545 3984 Εὗνόα,
2593 3909 2730 3993 αἶρε
2774 3910 2845 3974 τὸ
2891 3916 3081 3994 νᾶμα.

807 4006 952 4067 546.
1000 4001 1227 4087 φόνον]
1284 4002 1331 4064 Ι.
1379 4022 1429 4067 e.
1479 4003 1814 4067 cadaver.
1893 4001 1985 4065 Cf.
2033 4001 2184 4065 Eur.
2235 4000 2337 4065 Or.
2389 4002 2532 4065 991.
2581 3999 2909 4084 Μυρτίλου
2957 4002 3079 4084 φό-

625 4117 754 4158 νον.
808 4094 996 4156 1358.

808 4184 952 4246 550.
1001 4179 1059 4246 ὦ
1104 4187 1244 4255 παῖ,
1294 4183 1501 4264 γένοιο
1550 4180 1666 4265 -Ι
1725 4180 1813 4244 Cf.
1863 4181 2053 4245 Arist.
2103 4181 2217 4263 Eq.
2272 4180 2457 4243 1250.

807 4274 953 4335 552.
998 4271 1182 4334 τοῦτό
1250 4296 1318 4352 γε
1374 4271 1607 4355 ζηλοῦν
1664 4270 1829 4356 ἔχω]
1897 4269 2012 4346 Qu.
2069 4270 2258 4334 τοῦδέ
2302 4294 2371 4353 γε
2421 4306 2529 4331 --.
2608 4269 2699 4334 Cf.
2749 4269 2896 4333 Eur.
2944 4270 3080 4353 Iph.

625 4364 702 4427 A.
752 4362 899 4426 677.
956 4362 1130 4444 ζηλῶ
1185 4385 1253 4424 σε
1297 4361 1540 4443 μᾶλλον
1587 4363 1625 4444 ἢ
1679 4360 1778 4443 ’μὲ
1823 4366 1935 4424 τοῦ
1980 4360 2185 4442 μηδὲν
2230 4365 2506 4442 φρονεῖν.

806 4454 950 4514 554.
1001 4449 1088 4513 Cf.
1129 4451 1352 4515 Aescb.
1388 4450 1539 4514 Cho.
1575 4451 1719 4513 753.
1767 4449 1837 4514 τὸ
1882 4449 1972 4532 μὴ
2022 4454 2311 4532 φρονοῦν
2357 4449 2477 4532 γὰρ
2525 4448 2797 4531 ὡσπερεὶ
2841 4447 3033 4531 βοτὸν
3070 4445 3077 4532 Ι

624 4543 870 4624 τρέφειν
917 4541 1179 4624 ἀνάγκη.
