3463 5287
641 406 768 471 170
1558 428 1810 475 οεοιΡυε
1857 429 2161 475 coLONEUS

816 588 917 650 51.
963 585 1214 674 ἄτιμος]
1263 587 1350 651 Of.
1385 590 1501 671 Ag.
1556 588 1742 652 1279.
1792 589 1869 652 οὗ
1912 588 2044 672 μὴν
2090 590 2301 671 ἄτιμοί
2343 589 2400 671 γ’
2446 591 2517 653 ἐκ
2564 590 2742 653 θεῶν
2786 590 3098 673 τεθνήξο-

635 699 769 753 μεν.
817 675 967 739 Cho.
1007 678 1193 741 1017.
1226 678 1327 741 Pr.
1362 679 1510 742 808.
1556 678 1712 760 μηδ’
1752 679 2055 762 ἀτιμάσης
2101 679 2330 760 λόγους
2376 678 2591 760 (λόγου
2624 680 2785 762 conj.
2820 679 3097 760 Blomf.).

723 764 935 849 φανεῖ]
984 766 1073 831 Cf.
1106 767 1204 851 Aj.
1244 768 1430 830 1241.
1477 769 1535 831 εἶ
1574 774 1898 851 πανταχοῦ
1945 768 2311 850 φανούμεθ’
2360 769 2430 831 ἐκ
2484 767 2769 849 Τεύκρου
2815 770 3023 832 κακοί.

816 857 915 918 52.
963 855 1354 940 βεβήκαμεν]
1401 857 1828 921 Vorsamur.
1909 856 1999 921 Cf.
2036 859 2181 920 313.
2226 858 2324 921 Tr.
2364 859 2467 920 40.
2514 863 2722 928 κεῖνος
2769 857 2827 920 δ’
2874 858 3045 922 ὅπου
3085 855 3093 944 Ι

633 946 907 1027 βέβηκεν
953 945 1161 1015 οὐδεὶς
1207 945 1354 1009 οἵδε.

814 1035 914 1097 53.
963 1035 1059 1098 ὅσ’
1108 1033 1250 1098 οἴδα
1296 1035 1513 1119 κάγὼ]
1573 1036 1664 1099 Cf.
1715 1039 1815 1100 77.
1870 1037 2010 1099 185.
2060 1038 2205 1099 276.
2256 1037 2401 1100 870.
2461 1036 2531 1100 O.
2565 1034 2636 1099 R.
2691 1037 2878 1100 1239.
2934 1037 3098 1100 ὅσον

635 1147 705 1205 γε
749 1123 871 1187 κάν
918 1124 1058 1206 ἐμοὶ
1102 1126 1360 1208 μνήμης
1406 1127 1509 1188 ἔνι.
1569 1124 1661 1188 ΕΙ.
1715 1126 1901 1188 1146.
1959 1127 2142 1188 1301.
2190 1128 2338 1189 Ant.
2391 1127 2533 1188 928.
2584 1127 2681 1208 Aj.
2733 1127 2879 1189 525.
2926 1126 3094 1190 Phil.

640 1213 782 1275 192.
829 1213 1020 1277 Arist.
1067 1213 1309 1277 Thesm.
1360 1216 1459 1277 34.
1509 1215 1695 1278 Hom.
1744 1214 1814 1278 Il.
1866 1215 1923 1297 6,
1972 1215 2119 1278 476.
2187 1214 2314 1278 Ζεῦ
2379 1215 2554 1278 ἄλλοι
2607 1238 2671 1278 τε
2717 1215 2886 1288 θεοὶ,
2947 1215 3096 1279 δότε

636 1301 714 1385 δὴ
763 1302 871 1365 καὶ
914 1302 1096 1366 τόνδε
1143 1304 1432 1385 γενέσθαι
1474 1304 1482 1383 Ι
1522 1305 1696 1367 παῖδ’
1745 1304 1900 1386 ἐμὸν
1946 1305 2040 1375 ὥς
2083 1305 2191 1368 καὶ
2237 1305 2381 1386 ἐγώ.

815 1393 916 1454 54.
965 1393 1089 1475 ἔχει
1137 1393 1208 1457 δέ
1252 1418 1347 1457 νιν
1384 1394 1496 1477 -]
1546 1394 1634 1457 Cf.
1668 1395 1772 1456 40.
1818 1395 1914 1457 Tr.
1950 1395 2094 1457 200.
2143 1392 2201 1457 ὥ
2249 1393 2404 1467 Ζεῦ,
2451 1393 2560 1457 τὸν
2614 1392 2802 1475 Οἴτης
2848 1394 3096 1475 ἄτομον

635 1483 706 1551 ὃς
751 1481 1004 1562 λειμῶν’
1051 1483 1224 1565 ἔχεις.
1274 1482 1500 1546 Aesch.
1534 1482 1749 1566 Suppl.
1786 1484 1929 1546 699.
1977 1482 2172 1553 θεοὺς
2206 1483 2282 1557 δ’,
2332 1486 2401 1546 οἳ
2439 1488 2557 1564 γᾶν
2587 1484 2855 1565 ἔχουσιν.
2903 1481 3091 1547 Eum.

637 1573 739 1633 24.
787 1570 1075 1653 Βρόμιος
1123 1572 1180 1635 δ’
1227 1573 1350 1654 ἔχει
1414 1572 1521 1635 τὸν
1567 1578 1800 1655 χῶρον.
1866 1572 2056 1635 Thuc.
2103 1571 2183 1637 II.
2237 1577 2335 1636 74.
2401 1572 2569 1646 θεοὶ,
2627 1572 2766 1635 ὅσοι
2813 1578 2930 1656 γῆν
2976 1573 3093 1655 τὴν

634 1659 985 1723 Πλαταιΐδα
1051 1662 1232 1743 ἔχετε.
1302 1662 1491 1725 Arist.
1548 1660 1663 1743 Eq.
1724 1664 1870 1725 581.
1936 1660 1994 1725 ὦ
2049 1662 2351 1744 πολιοῦχε
2397 1660 2673 1731 Παλλάς.
2739 1661 2846 1724 Τ11.
2901 1663 3092 1724 1140.

633 1752 672 1832 ἢ
721 1749 904 1812 πόλιν
950 1752 1259 1832 ἡμετέραν
1290 1753 1415 1833 ἔχει
1449 1749 1769 1831 (Παλλάς).
1817 1751 2003 1814 Hom.
2038 1751 2118 1814 H.
2154 1750 2289 1815 Cer.
2326 1752 2470 1814 357.
2520 1749 2697 1834 ἧσται
2736 1749 3095 1822 Ἐλευσῖνος

633 1838 918 1921 κραναὸν
989 1840 1365 1921 πτολίεθρον
1436 1842 1688 1922 ἔχουσα.
1771 1840 1937 1903 Xon.
1995 1840 2138 1920 ΟΠ.
2196 1840 2277 1904 ΙΙ.
2341 1841 2393 1902 1.
2457 1842 2510 1902 l.
2585 1841 3094 1923 προσευξάμενοι

632 1929 808 1998 θεοῖς
854 1928 961 1991 καὶ
1007 1931 1212 2010 ἥρωσι
1256 1936 1383 1999 τοῖς
1428 1928 1713 2011 Περσίδα
1764 1936 1881 2012 γῆν
1926 1931 2311 2013 κατέχουσιν.

814 2019 915 2080 55.
962 2017 1324 2103 Ποσειδῶν]
1378 2019 1553 2083 Idem
1603 2020 1761 2083 deus
1808 2019 2124 2083 Κολωνοῦ
2172 2020 2495 2101 ἐπιστάτης
2541 2018 2893 2102 appellatur
2940 2020 3092 2083 889.

654 2176 659 2181 ,
724 2107 790 2169 ἐν
838 2106 940 2191 δὲ]
990 2108 1081 2172 of.
1128 2109 1219 2169 ΕΙ.
1278 2110 1415 2170 113.
1494 2107 1602 2172 Sic
1649 2108 1763 2182 ξὺν
1811 2109 1880 2171 δὲ
1928 2111 2044 2192 Ag.
2096 2109 2240 2172 586.
2287 2108 2451 2189 πρὸς
2500 2108 2569 2172 δὲ
2616 2107 2823 2171 Prom.
2875 2109 3022 2171 928.

816 2197 915 2259 56.
969 2196 1149 2260 Τιτὰν
1195 2196 1627 2281 Προμηθεύς]
1695 2198 1784 2261 Cf.
1833 2198 1982 2260 Eur.
2033 2198 2268 2261 Phoen.
2322 2199 2509 2261 1138.
2578 2198 2753 2279 δεξιᾷ
2810 2197 2881 2260 δὲ
2925 2198 3090 2280 λαμ-

633 2285 808 2348 πάδα
850 2285 858 2368 Ι
905 2285 1086 2349 Τιτὰν
1117 2285 1516 2368 Προμηθεὺς
1562 2289 1786 2368 ἔφερεν
1833 2288 1926 2358 ὡς
1972 2288 2241 2369 πρήσων
2285 2287 2482 2350 πόλιν.
2540 2286 2675 2350 Ion.
2710 2288 2857 2349 455.
2907 2285 3084 2367 Προ·

633 2376 837 2457 μηθεῒ
880 2375 1098 2438 Τιτᾶνι.
1146 2375 1436 2459 Apollod.
1483 2378 1531 2440 I.
1582 2379 1637 2439 3.
1689 2379 1744 2439 6.
1795 2376 2053 2440 Lucian.
2102 2375 2175 2438 D.
2224 2375 2298 2439 D.
2349 2375 2522 2439 VIII.

815 2465 916 2526 57.
963 2464 1362 2547 χαλκόπους]
1413 2463 1500 2527 Cf,
1535 2465 1630 2528 El.
1666 2467 1814 2529 491.
1852 2465 2219 2548 χαλκόπους
2256 2464 2519 2546 Ἐρινύς.
2657 2464 2842 2547 ὁδὸς]
2891 2465 3093 2529 Fun-

636 2554 1080 2617 damentum.
1158 2554 1449 2618 Ionicum
1497 2562 1559 2618 et
1604 2555 1874 2638 Epicnm
1921 2554 2116 2625 οὗὸος
2160 2556 2397 2637 legitur
2443 2554 2628 2618 Hom.
2677 2553 2748 2617 11.
2799 2556 2857 2635 8,
2911 2556 3008 2617 15.

814 2646 915 2708 58.
963 2643 1197 2726 ἔρεισμ’
1235 2645 1553 2730 Ἀθηνῶν]
1613 2646 1987 2710 “Poeticum
2036 2646 2382 2728 epitheton,
2440 2665 2566 2728 quo
2615 2643 2772 2707 nihil
2821 2645 3095 2727 amplius

635 2733 1029 2816 significatur
1076 2754 1265 2816 quam
1317 2734 1491 2798 locus
1537 2736 1712 2798 saxis
1758 2735 1980 2798 firmus
2026 2735 2106 2797 ad
2139 2736 2422 2799 Athenas
2455 2751 2660 2816 usque
2701 2733 3094 2817 pertinens.”

634 2821 889 2904 (Dind.).
938 2823 1025 2886 Cf.
1059 2824 1248 2887 Isocr.
1281 2845 1338 2905 p.
1374 2825 1521 2905 461,
1561 2826 1701 2887 177.
1751 2824 1863 2906 τὴν
1893 2825 2076 2886 πόλιν
2122 2826 2378 2905 ἔρεισμα
2426 2830 2536 2906 τῆς
2572 2822 2877 2893 Ἑλλάδος
2923 2823 3091 2887 ὠνό-

632 2935 850 2994 μασεν.
915 2913 1177 2976 Luoian.
1232 2914 1472 2976 Timon.
1524 2915 1624 2976 50.
1671 2920 1876 2995 χαῖρε,
1925 2912 1983 2977 ὦ
2034 2912 2265 2995 Τίμων,
2330 2913 2400 2976 τὸ
2454 2914 2618 2995 μέγα
2684 2913 2917 2994 ὄφελος
2977 2919 3093 2976 τοῦ

635 3003 882 3082 γένους,
929 3001 999 3065 τὸ
1046 3004 1301 3084 ἔρεισμα
1348 3008 1477 3066 τῶν
1513 3003 1892 3086 Ἀθηναίων,
1948 3004 2292 3086 πρόβλημα
2339 3009 2447 3085 τῆς
2493 3002 2812 3072 Ἑλλάδος.
2863 3002 3092 3067 Aesch.

632 3090 732 3154 Fr.
769 3093 913 3154 385.
962 3093 1033 3154 οἵ
1065 3115 1159 3154 τοι
1207 3093 1538 3174 στεναγμοὶ
1583 3098 1711 3155 τῶν
1742 3093 1964 3156 πόνων
1997 3093 2326 3174 ἐρείσματα
2379 3093 2476 3172 (al.
2510 3092 2781 3174 ἰάματα).
2920 3093 2982 3154 οἳ
3008 3129 3090 3138 —

635 3180 811 3264 γύαι]
881 3179 968 3242 Cf.
1016 3180 1094 3243 ad
1144 3183 1290 3244 Ant.
1341 3183 1485 3244 569.
1532 3181 1631 3245 Fr.
1682 3182 1829 3243 651.
1886 3182 2166 3262 κύναρος
2238 3182 2494 3244 ἄκανθα
2551 3182 2753 3244 πάντα
2818 3181 3093 3263 πληθύει

636 3270 703 3349 (l.
749 3270 1079 3353 πληθύνει)
1127 3272 1299 3353 γύην.
1352 3272 1575 3335 Aeseh.
1632 3271 1734 3334 Pr.
1786 3272 1931 3334 369.
1986 3270 2252 3352 λευροὺς
2298 3269 2546 3354 (λευράς
2592 3270 2880 3354 plerique
2920 3272 3092 3348 mSS.)

635 3360 807 3441 γύας.
855 3359 1005 3422 Eur.
1053 3359 1205 3423 Her.
1256 3360 1401 3424 839.
1465 3359 1573 3422 τὸν
1628 3361 1930 3441 Ἀργείων
1977 3361 2151 3442 γύην.
2200 3359 2354 3423 Heo.
2403 3362 2549 3422 453.
2628 3360 2844 3423 Attica
2886 3360 3095 3423 forma

635 3455 730 3513 est
774 3449 812 3512 ό
860 3450 1039 3531 γυής,
1087 3469 1212 3512 non
1263 3451 1302 3532 ἡ
1353 3450 1489 3533 γύη.
1538 3450 1616 3512 V.
1665 3449 1882 3512 Elmsl.
1931 3449 2008 3512 ad
2059 3448 2209 3514 Her.
2259 3452 2407 3512 839.

817 3539 915 3601 59.
965 3538 1194 3623 σφίσιν]
1260 3539 1308 3603 Ι.
1358 3560 1414 3621 q.
1479 3540 1705 3609 αὑτοῖς.
1785 3538 1908 3601 Sed
1976 3538 2123 3620 σφὶν
2178 3558 2290 3622 pro
2350 3539 2561 3608 αὐτοῖς
2617 3539 2875 3620 ponitur
2920 3535 2990 3599 O.
3025 3536 3090 3600 G.

636 3629 784 3690 421.
820 3629 964 3690 444.
1000 3629 1145 3690 451.
1195 3630 1293 3710 Aj.
1345 3630 1489 3691 570.
1538 3628 1632 3691 ΕΙ.
1688 3628 1874 3691 1070.
1923 3630 2131 3711 σφίσιν
2177 3647 2490 3711 nusquam
2542 3627 2719 3710 alibi,
2774 3628 2844 3690 ni
2891 3627 3092 3708 fallor,

637 3717 870 3800 legitur
914 3718 1082 3801 apud
1129 3718 1518 3800 Sophoclem.

815 3807 916 3869 60.
964 3808 1231 3889 φέρουσι
1277 3807 1584 3889 τοῦνομα]
1634 3805 1721 3870 Cf.
1757 3806 1853 3869 Fr.
1892 3809 2036 3870 573.
2084 3808 2350 3890 φέρουσι
2395 3808 2695 3888 τοῦνομα.
2744 3806 2905 3869 Phil.
2943 3806 3090 3869 605.

636 3897 842 3977 ὄνομα
912 3897 969 3959 δ’
1034 3897 1401 3977 ὠνομάζετο
1444 3895 1755 3978 Ι”Ελενος.
1894 3895 2200 3979 ἀρχηγὸν]
2258 3896 2713 3960 Praesidem.
2800 3895 2891 3958 Cf.
2940 3895 3091 3958 Eur.

637 3985 825 4068 Hipp.
864 3986 1005 4047 152.
1053 3984 1161 4048 τὸν
1198 3984 1610 4068 Ἐρεχθειδᾶν
1653 3986 1955 4068 ἀρχαγόν.
2007 3986 2136 4069 Iph.
2169 3985 2232 4047 T.
2272 3986 2457 4048 1303.
2506 3982 2788 4067 ἀρχηγὸς
2834 3985 3090 4066 χθονός.

633 4075 772 4137 TrO.
827 4076 1009 4136 1267.
1058 4075 1326 4157 ἀρχηγοὶ
1373 4081 1653 4158 στρατοῦ.
1710 4075 1846 4138 Ion.
1899 4077 2043 4137 723.
2091 4074 2282 4158 Hipp.
2333 4077 2478 4137 881.
2535 4080 2761 4137 κακῶν
2807 4073 3092 4156 ἀρχηγὸν

637 4165 959 4246 ἕμφαίνεις
1004 4164 1209 4246 λόγον.
1276 4164 1468 4228 Isocr.
1517 4185 1573 4248 p.
1624 4166 1707 4228 88
1743 4164 1811 4227 E.
1887 4163 2156 4246 Θηβαῖοι
2214 4164 2283 4228 δὲ
2338 4163 2445 4227 τὸν
2501 4162 2785 4245 ἀρχηγὸν
2829 4169 2942 4226 τοῦ
2989 4165 3091 4245 γέ-

636 4277 787 4323 νους
834 4254 1020 4335 ὑμῶν
1065 4259 1287 4336 τιμῶσι
1353 4255 1460 4316 καὶ
1523 4259 1654 4324 ταῖς
1718 4253 2067 4334 προσόδοις
2131 4253 2237 4316 καὶ
2292 4259 2422 4323 ταῖς
2469 4254 2718 4323 θυσίαις
2762 4252 3004 4335 μᾶλλον
3050 4255 3090 4335 ἢ

635 4342 782 4413 τοὺς
826 4342 1023 4413 θεοὺς
1067 4343 1213 4413 τοὺς
1258 4343 1503 4414 ἄλλους.
1560 4342 1716 4407 Plat.
1765 4343 1909 4424 LyS.
1962 4344 2088 4404 205
2125 4342 2193 4404 Β.
2252 4343 2532 4425 γεγονὼς
2588 4341 2778 4413 αὐτὸς
2823 4344 2897 4405 ὲκ
2945 4341 3093 4412 Διός

636 4455 699 4495 τε
744 4431 852 4494 καὶ
896 4439 1005 4514 τῆς
1048 4438 1158 4496 τοῦ
1209 4432 1419 4515 δήμου
1467 4433 1818 4514 ἀρχηγέτου
1865 4431 2202 4513 θυγατρός.
2278 4431 2525 4496 Ibidem
2574 4432 2921 4514 ἀρχηγέτης
2965 4435 3094 4494 τῶν

637 4520 984 4598 Αἰξωνέων
1037 4527 1438 4585 memoratur.
1492 4522 1788 4588 Menand.
1836 4519 1946 4587 IV.
2002 4523 2145 4585 189.
2191 4520 2303 4605 τὴν
2356 4521 2613 4586 πολλῶν
2659 4526 2886 4585 κακῶν
2926 4519 2935 4604 Ι
2977 4521 3090 4603 ἀρ-
