3463 5287
706 402 789 464 38
1792 416 2086 462 Ammona

700 604 756 645 τι
799 584 928 645 τῶν
973 579 1363 662 λελεγμένων
1410 578 1551 661 δίχα
1563 601 1586 653 ,·
1640 574 1792 640 Eur.
1836 575 2027 640 Herc.
2079 576 2224 638 714.
2280 576 2439 658 ἔχεις
2493 599 2546 638 τι
2601 573 2805 639 τῶνδέ
2855 599 2970 658 μοι
3023 600 3174 639 τεκ-

701 670 969 754 μήριον,·
1016 666 1120 732 Or.
1171 668 1359 732 1120.
1406 667 1540 731 Ion.
1591 666 1736 729 770.

887 757 986 822 10.
1032 756 1229 843 πρὸς]
1278 755 1481 821 Schol.
1528 755 1660 820 ἀντὶ
1704 761 1817 820 τοῦ
1864 755 1980 820 ἐπί.
2126 755 2440 838 στείχοντα
2493 791 2574 800 —
2620 753 2826 839 κακά]
2876 753 2967 819 Cf.
3020 756 3177 818 186.

701 848 814 932 τὴν
845 848 1001 931 ἄτην
1031 847 1208 930 δρῶν
1248 846 1258 929 Ι
1300 847 1663 930 στείχουσαν
1694 845 1921 916 ἀστοῖς.
1969 843 2065 907 ΕΙ.
2101 845 2246 909 374.
2285 842 2491 908 κακὸν
2519 844 2812 927 μέγιστον
2850 845 2937 916 εἰς
2968 845 3178 928 αὐτὴν

704 938 802 1002 ἰὸν
850 936 859 1021 Ι
909 935 1154 1020 ἤκουσ’.
1221 934 1291 1000 Ο.
1326 935 1392 1000 C.
1445 936 1633 999 1771.
1698 935 1810 998 ἐάν
1871 958 2016 1005 πως
2065 933 2075 1018 Ι
2128 933 2633 1017 διακωλύσωμεν
2704 933 2875 998 ίόντα
2941 934 3176 1016 φόνον.

707 1027 817 1092 Ph.
869 1028 1015 1093 397.
1062 1025 1151 1090 ὅτ’
1197 1029 1264 1097 ἐς
1308 1024 1479 1090 τόνδ’
1517 1024 1837 1106 Ἀτρειδᾶν
1881 1024 2064 1107 ὕβρις
2110 1022 2263 1087 πᾶσ’
2310 1024 2555 1106 ἐχώρει.
2610 1022 2708 1086 Tr.
2741 1024 2888 1086 843.
2939 1023 3176 1088 Aesch.

709 1116 919 1182 Prom.
974 1116 1161 1180 1090.
1208 1114 1404 1179 τοίαδ’
1452 1113 1551 1178 ἐπ’
1600 1113 1743 1197 ἐμοὶ
1788 1113 1940 1197 ῥιπὴ
1990 1112 2223 1177 Διόθεν
2259 1149 2340 1158 -
2373 1112 2589 1196 στείχει
2621 1117 2937 1196 φανερῶς.
2984 1111 3176 1177 Dem.

704 1226 763 1290 p.
797 1206 946 1289 419,
981 1207 1036 1269 3.
1083 1203 1196 1287 τὴν
1241 1206 1395 1287 ἄτην
1437 1204 1614 1286 ὁρῶν
1660 1203 2026 1286 στείχουσαν
2070 1208 2197 1274 τοῖς
2243 1202 2452 1273 ἀστοῖς
2498 1201 2631 1266 ἀντὶ
2679 1207 2789 1285 τῆς
2834 1203 3176 1286 σωτηρίας.

710 1297 810 1359 14.
854 1294 968 1378 τὴν
1015 1293 1085 1358 δὲ
1131 1294 1286 1377 ἄτην
1332 1293 1509 1377 δρῶν
1555 1293 1922 1376 στείχουσαν
1968 1292 2155 1375 ὁμοῦ.

889 1403 987 1465 11.
1034 1402 1251 1485 μῦθος
1299 1439 1381 1447 -
1430 1399 1658 1484 φίλων]
1726 1399 1820 1464 Cf.
1877 1399 1973 1463 El.
2032 1400 2179 1463 317.
2244 1399 2344 1481 Aj.
2403 1400 2548 1461 221.
2610 1399 2757 1463 998.
2830 1397 2982 1462 Eur.
3028 1399 3174 1483 Iph.

707 1491 785 1556 A.
833 1492 980 1554 841.
1029 1490 1169 1555 οὐδ’
1218 1490 1289 1565 ἐξ
1323 1490 1659 1572 Ἀτρειδῶν
1714 1488 1878 1573 ἦλθέ
1918 1513 2032 1572 μοι
2085 1488 2276 1571 λόγος
2322 1488 2566 1571 γάμων.
2613 1488 2804 1551 ThuO.
2853 1487 3030 1552 VIII.
3070 1490 3174 1552 15.

670 1581 835 1646 Cic.
868 1600 917 1644 c.
950 1579 1130 1644 Verr.
1176 1578 1290 1644 ΠΙ.
1340 1581 1443 1643 44.
1495 1579 1638 1642 106.
1686 1577 1876 1642 ‘mihi
1922 1578 2344 1642 Aetnensium
2392 1577 2606 1642 brevis
2652 1582 2748 1642 est
2794 1578 3033 1642 oratio?

890 1670 990 1733 14.
1039 1669 1226 1753 διπλῇ
1257 1668 1424 1753 χερί]
1478 1669 1615 1750 ‘By
1665 1668 1952 1732 mutual
2001 1666 2355 1733 violence
2387 1669 2482 1750 (or
2513 1666 2898 1751 slaughter).’
2963 1666 3173 1741 Schol.

706 1766 784 1845 τῇ
830 1758 937 1823 ὕπ’
986 1756 1294 1841 ἀλλήλων.
1373 1757 1464 1822 Cf.
1516 1760 1618 1821 58.

891 1867 991 1930 15.
1039 1864 1205 1950 ἐπεὶ]
1272 1863 1381 1928 Ex
1450 1884 1612 1948 quo.
1690 1863 1779 1928 Cf.
1830 1866 1930 1947 Aj.
1978 1865 2125 1928 490.
2183 1862 2333 1927 Eur.
2381 1863 2545 1929 Med.
2594 1865 2697 1927 26.
2750 1864 2893 1927 137.
2942 1864 3176 1927 Aesch.

709 1956 829 2040 Ag.
878 1956 979 2020 39.
1030 1955 1294 2019 δέκατον
1337 1953 1458 2039 μὲν
1504 1956 1641 2025 ἔτος
1685 1953 1819 2018 τόδ’
1866 1953 2000 2018 ἐπεὶ
2042 1958 2158 2018 etc.
2205 1951 2393 2017 Hom.
2427 1951 2541 2017 Od.
2580 1955 2637 2036 1,
2670 1954 2726 2016 2.
2775 1952 2908 2018 ἐπεὶ
2943 1952 3178 2038 Τροίης

709 2045 882 2128 ἱερὸν
927 2044 1303 2128 πτολίεθρον
1349 2045 1588 2127 ἔπερσε.

892 2135 990 2198 18.
1036 2132 1197 2219 ᾔδη]
1265 2133 1356 2197 Cf.
1403 2133 1500 2197 Tr.
1549 2133 1650 2197 87.
1700 2133 1812 2197 Ph.
1866 2132 2053 2196 1010.
2103 2129 2172 2195 O.
2205 2131 2277 2196 R.
2330 2133 2518 2196 1525.
2678 2131 2857 2204 ἐκτὸς
2902 2132 3175 2198 αὐλείων

708 2222 954 2308 πυλῶν]
1005 2221 1091 2286 Cf.
1128 2224 1224 2287 Tr.
1261 2224 1405 2288 203.
1453 2224 1530 2285 αἴ
1562 2220 1614 2286 τ’
1663 2221 1842 2292 ἐκτὸς
1888 2221 2100 2305 αὐλῆς.
2152 2222 2297 2284 526.
2335 2222 2523 2285 1186.
2572 2222 2802 2286 Aesch.
2837 2221 2989 2286 Cho.
3025 2224 3174 2287 553.

710 2313 995 2396 ἑρκείους
1048 2312 1267 2384 πύλας.
1338 2312 1482 2376 563.
1547 2310 1751 2395 βαλὸν
1806 2312 2052 2394 ἔρκειον
2097 2311 2336 2375 πυλῶν.
2404 2310 2554 2375 Eur.
2603 2310 2745 2376 Hel.
2793 2313 2944 2374 445.
3008 2311 3173 2396 πρὸς

710 2403 1041 2467 αὐλείοισιν
1086 2402 1370 2485 ἑστηκὼς
1413 2402 1656 2472 πύλαις.

889 2509 991 2573 20.
1039 2509 1131 2574 Cf.
1181 2511 1326 2572 242.
1376 2507 1589 2592 δηλοῖς
1637 2506 1696 2572 δ’
1744 2508 1838 2579 ὥς
1881 2532 1935 2572 τι
1992 2512 2301 2592 σημανῶν
2344 2507 2506 2571 νέον.
2554 2509 2701 2572 471.
2759 2508 2854 2573 El·
2905 2510 3007 2572 24.
3055 2534 3168 2594 ση-

707 2606 855 2686 μεῖα
902 2599 1143 2685 φαίνεις
1188 2597 1418 2670 ἐσθλὸς
1465 2600 1551 2670 είς
1596 2599 1767 2682 ἡμᾶς
1800 2599 2018 2682 γεγώς.
2067 2600 2164 2682 Aj.
2199 2597 2345 2662 878.
2393 2596 2689 2682 οὐδαμοῦ
2724 2598 2911 2682 δηλοῖ
2934 2602 3167 2683 φανείς.

710 2691 902 2755 Isocr.
950 2710 1007 2774 p.
1058 2690 1183 2754 311
1218 2691 1294 2753 A.
1353 2688 1683 2772 ἐδήλωσαν
1733 2687 1791 2752 δ’
1840 2689 2009 2753 οὕτω
2067 2686 2461 2771 διακείμενοι.
2598 2688 3030 2775 καλχαίνουσ’]
3080 2689 3166 2753 Cf.

710 2779 862 2844 Eur.
895 2778 1045 2845 Her.
1079 2780 1180 2842 40.
1231 2778 1362 2861 ἐγὼ
1407 2778 1527 2861 μὲν
1573 2777 1742 2860 ἀμφὶ
1784 2778 1990 2842 τοῖσδε
2025 2777 2386 2861 καλχαίνων
2417 2778 2654 2849 τέκνοις
2686 2783 2801 2843 eto.
2940 2777 3170 2844 Confer

710 2869 1030 2953 κηραίνειν
1077 2867 1251 2950 (Eur.
1298 2868 1489 2952 Hipp.
1540 2868 1685 2930 223.
1752 2868 1811 2931 τί
1859 2869 2017 2942 ποτ’,
2064 2865 2123 2931 ὦ
2167 2868 2406 2941 τέκνον,
2453 2867 2601 2931 τάδε
2663 2869 3043 2951 κηραίνεις,·)
3109 2876 3170 2934 et

711 2959 1031 3040 ὁρμαίνειν
1076 2956 1257 3039 (κατὰ
1305 2958 1508 3040 φρένα
1556 2957 1663 3021 καὶ
1708 2956 1868 3021 κατὰ
1915 2955 2150 3040 θυμόν,
2197 2955 2329 3021 Lat.
2375 2956 2660 3022 ‘volvero
2692 2957 2958 3038 am'mo')
3000 2959 3166 3043 apud

710 3046 1064 3112 Homerum
1112 3053 1177 3110 et
1218 3046 1717 3130 βυσσοδομεύειν
1764 3046 1931 3131 apud
1980 3046 2166 3110 Hom.
2216 3045 2330 3111 Od.
2380 3048 2440 3131 4,
2487 3046 2634 3110 676.
2683 3047 3167 3131 βυσσοδόμευον

711 3135 925 3220 (schol.
972 3136 1264 3219 κρυφίως
1310 3135 1877 3218 συνεβουλεύοντο).

891 3244 993 3306 21.
1039 3243 1220 3307 Triol.
1267 3243 1486 3325 ὥσπερ
1552 3242 1673 3326 γὰρ
1720 3245 1759 3327 ἡ
1807 3243 2115 3327 πορφύρα
2179 3241 2354 3315 ἐντὸς
2417 3240 2578 3308 οὖσα
2641 3249 2755 3308 τοῦ
2809 3243 3057 3327 κόχκου
3103 3247 3167 3310 ἐν

574 3368 581 3374 ·
713 3334 949 3418 ἀφανεῖ
988 3332 1164 3406 ἐστὶν,
1224 3334 1262 3416 ἢ
1308 3332 1416 3396 καὶ
1462 3332 1554 3397 ὅτι
1598 3332 1764 3416 πρὸς
1820 3333 1891 3397 τὸ
1938 3332 2258 3398 σκοτεινὸν
2312 3332 2420 3398 καὶ
2472 3333 2854 3415 μελάντερον
2898 3358 3163 3418 χρωμα-

711 3424 956 3498 τίζεται,
1028 3423 1198 3486 οὕτω
1264 3422 1372 3486 καὶ
1417 3423 1492 3486 ὃν
1537 3422 1694 3506 αὐτὴ
1762 3423 2016 3506 ἔμελλεν
2079 3424 2270 3487 εἰπεῖν
2332 3422 2522 3505 λόγον
2576 3424 2778 3507 μήπω
2825 3424 3166 3508 ἔκφανθεὶς

712 3514 1036 3596 ἄγνωστος
1080 3511 1190 3576 καὶ
1234 3511 1551 3584 σκοτεινὸς
1595 3511 1692 3595 ἤν.
1831 3513 1908 3576 οὐ
1957 3511 2079 3595 γὰρ
2129 3510 2277 3597 -,·]
2326 3510 2414 3575 Cf.
2453 3512 2553 3595 Aj.
2593 3513 2778 3576 1320.
2827 3514 3019 3577 Arist.
3052 3513 3163 3598 Eq.

717 3604 905 3666 1392.
955 3602 1032 3665 οὐ
1080 3601 1202 3686 γὰρ
1249 3602 1286 3665 ό
1339 3600 1714 3685 Παφλαγὼν
1756 3601 1764 3685 Ι
1817 3601 2215 3684 ἀπέκρυπτεν
2269 3599 2461 3673 αὐτὰς
2508 3626 2628 3679 —,·
2682 3602 2873 3686 Vesp.
2921 3605 3070 3667 836.
3117 3605 3170 3667 τί

714 3693 773 3756 δ’
819 3691 979 3756 ἐστὶν
1035 3691 1238 3768 ἐτεόν,·
1304 3690 1436 3754 ΞΑ.
1494 3692 1572 3755 οὐ
1629 3690 1751 3775 γὰρ
1808 3691 1845 3754 ὁ
1902 3690 2128 3775 Λάβης
2183 3691 2414 3775 ἀρτίως
2461 3716 2580 3769 -,·
2650 3692 2838 3756 1299.
2903 3693 2981 3756 οὐ
3048 3694 3163 3777 γὰρ

713 3782 752 3846 ὅ
798 3783 1006 3865 γέρων
1053 3805 1172 3859 -,·
1306 3781 1397 3845 τὼ
1443 3783 1801 3864 κασιγνήτω
1835 3780 1951 3865 -]
2002 3779 2087 3844 Cf.
2134 3778 2324 3845 Hom.
2364 3779 2478 3845 Od.
2516 3784 2662 3865 127,
2698 3783 2756 3846 3.
2804 3782 2867 3846 οἱ
2911 3781 2982 3846 δὲ
3030 3783 3163 3847 δύω

712 3872 1036 3944 σκόπελοι,
1085 3870 1123 3934 ό
1167 3870 1287 3954 μὲν
1332 3869 1610 3954 οὐρανὸν
1657 3869 1848 3955 εὐρὺν
1895 3871 2090 3935 ἱκάνει
2136 3876 2251 3936 etc.

895 3980 996 4042 22.
1041 3977 1223 4043 Tricl.
1281 3977 1358 4042 οὐ
1416 3976 1536 4060 γὰρ
1583 4015 1669 4024 -
1715 3977 1825 4042 τὸν
1876 3979 2014 4061 μέν,
2079 3979 2215 4062 ἤτοι
2277 3978 2386 4043 τὸν
2439 3977 2797 4053 Ἐτεοκλέα,
2870 3981 3165 4062 προτίσας

713 4067 821 4132 καὶ
866 4068 1260 4151 προτιμήσας
1314 4073 1424 4131 τοῦ
1472 4066 1906 4140 Πολυνείκους
1951 4070 2101 4151 ἔχει,
2167 4069 2303 4151 ἤτοι
2347 4069 2597 4151 θάψας·
2662 4067 2770 4132 τὸν
2818 4068 2913 4143 δὲ,
2971 4071 3164 4152 ἤγουν

714 4156 1131 4240 Πολυνείκην,
1197 4157 1502 4240 ἀτιμάσας
1546 4158 1783 4240 τάφου,
1847 4159 2153 4222 τουτέστιν
2216 4157 2474 4232 ἀνάξιον
2528 4158 2636 4222 καὶ
2690 4158 2912 4242 ἀτῖμον
2966 4167 3163 4243 ταφῆς

714 4248 965 4329 κρίνας,·
1098 4246 1305 4330 τάφου
1356 4284 1437 4293 —
1486 4246 1824 4331 ἀτιμάσας]
1883 4247 1974 4311 Cf.
2032 4246 2103 4311 O.
2137 4247 2203 4311 C.
2251 4248 2353 4310 49.
2402 4253 2517 4312 etc.
2697 4248 3030 4333 προτίσας]
3080 4249 3162 4314 Cf.

715 4336 942 4402 Aesch.
989 4334 1175 4400 Eum.
1226 4338 1370 4400 545.
1417 4337 1662 4401 τοκέων
1709 4338 1902 4420 σέβας
1947 4334 2017 4401 εὖ
2063 4337 2358 4419 προτίων.

896 4427 994 4489 23.
1046 4424 1136 4490 Os.
1203 4426 1302 4509 Aj.
1365 4427 1553 4491 1110.
1627 4427 1810 4490 τόνδε
1861 4463 1942 4472 —
1992 4426 2055 4496 ἐς
2117 4425 2323 4509 ταφὰς
2396 4426 2524 4510 ἐγὼ
2589 4428 2780 4511 θήσω
2847 4428 3121 4500 δικαίως.

804 4513 920 4578 σὺν
967 4515 1110 4598 δίκη
1157 4552 1248 4563 -
1295 4513 1536 4599 δικαίᾳ]
1582 4516 1626 4580 J
1637 4522 1803 4580 usto
1846 4515 2033 4598 jure.
2110 4513 2234 4581 Sed
2283 4536 2340 4579 ν.
2388 4521 2596 4583 annot.
2645 4516 2782 4582 orit.
