3463 5287
716 432 843 494 384
1728 449 1980 494 omme
2023 450 2148 494 m

894 608 1083 673 1385.
1131 608 1220 672 Cf.
1271 608 1417 671 528.
1464 606 1615 671 Eur.
1664 606 1820 674 Hoc.
1857 609 2000 672 972.
2047 608 2214 672 κούκ
2261 608 2342 672 ἂν
2389 606 2701 690 δυναίμην
2746 607 3154 690 προσβλέπειν

712 701 769 761 σ’
817 697 1046 779 ὀρθαῖς
1090 697 1331 780 κόραις.
1396 696 1533 781 ῙρΙ1.
1579 699 1656 761 A.
1706 698 1853 761 851.
1913 698 2033 761 οὐκ
2082 697 2306 779 ὀρθοῖς
2352 698 2632 780 ὄμμασίν
2679 699 2734 759 o’
2783 695 2866 760 ἔτ’
2914 698 3153 778 εἰσορῶ.

708 786 965 851 Theocr.
1017 785 1090 851 V.
1140 788 1241 851 36.
1304 788 1469 870 μέγα
1538 786 1596 851 δ’
1642 787 1958 871 ἄχθομαι,
2024 788 2095 851 αῖ
2143 786 2215 850 τύ
2260 810 2343 870 με
2405 786 2642 870 τολμῇς
2689 786 2699 869 Ι
2748 787 2994 869 ὄμμασι
3041 792 3157 856 τοῖς

710 878 976 960 (ὄμμασι
1023 882 1157 947 σοῖς
1203 882 1314 940 aut
1355 882 1483 947 τοῖς
1528 878 1743 947 ὄσσοις
1755 875 1812 962 Ρ)
1861 877 2111 958 ὀρθοῖσι
2157 876 2527 959 ποτιβλέπεν
2571 876 2696 940 κτλ.

895 966 1081 1030 1386.
1128 966 1348 1049 ἥκιστά
1398 965 1487 1051 γ’]
1535 964 1626 1029 Ut
1671 966 1824 1029 alibi
1868 965 2135 1049 μάλιστά
2168 990 2251 1048 γε.
2389 971 2498 1048 τῆς
2536 965 2901 1048 ἀκουούσης
2932 963 3156 1047 πηγῆς]

709 1055 757 1119 Ι.
806 1075 857 1120 e.
903 1061 1013 1139 τῆς
1055 1061 1266 1139 πηγῆς
1309 1061 1419 1138 τῆς
1464 1055 1681 1139 ἀκοῆς.

895 1145 1081 1208 1387.
1127 1149 1338 1228 πηγῆς
1370 1182 1453 1191 -—
1487 1144 1821 1230 φραγμὸς]
1872 1146 1959 1209 Cf.
1996 1145 2219 1209 Aesch.
2254 1144 2402 1209 Cho.
2441 1146 2584 1208 186.
2625 1144 2923 1226 σταγόνες
2955 1144 3158 1227 ἄφρα-

709 1258 845 1298 κτοι
911 1234 1222 1317 δυσχίμου
1286 1235 1749 1317 πλημμυρίδος.
1933 1234 2012 1298 δι’
2059 1233 2269 1317 ὤτων]
2338 1233 2430 1298 Of.
2480 1234 2628 1297 Ant.
2680 1235 2868 1298 1188.
2934 1234 3048 1297 καί
3084 1256 3160 1314 με

709 1322 1004 1407 φθόγγος
1040 1358 1119 1369 -
1151 1323 1362 1406 βάλλει
1410 1323 1487 1387 δι’
1521 1326 1724 1388 ὤτων.
1773 1322 1869 1387 ΕΙ.
1909 1326 2094 1389 1437.
2147 1324 2291 1387 737.
2341 1322 2437 1386 Fr.
2490 1324 2634 1386 737.
2680 1323 2949 1405 βραδεῖα
2985 1359 3067 1369 —-
3098 1322 3160 1384 ἐν

709 1413 947 1495 λόγοισι
987 1412 1314 1497 προσβολὴ
1358 1413 1367 1495 Ι
1406 1413 1588 1496 μόλις
1621 1414 1698 1477 δι’
1741 1412 1906 1484 ὠτὸς
1945 1414 2185 1497 ἔρχεται
2220 1414 2645 1496 τρυπωμένου
2680 1413 3082 1495 (τετρημένου
3094 1412 3159 1489 Ρ).

894 1503 1081 1566 1388.
1127 1501 1217 1585 μὴ
1268 1501 1656 1586 ἀποκλῇσαι]
1706 1501 1812 1566 Sic
1858 1502 1955 1567 ΕΙ.
1997 1503 2184 1566 1160.
2230 1502 2320 1586 μὴ
2370 1502 2837 1566 ἀπολείπεσθαι.
2885 1502 2986 1564 Tr.
3022 1500 3159 1563 239.

711 1595 749 1675 ἢ
799 1591 930 1656 ἀπὸ
979 1629 1088 1657 —-.
1154 1593 1384 1657 Aesoh.
1432 1592 1535 1656 Pr.
1587 1593 1733 1656 654.
1796 1592 1887 1675 μὴ
1955 1592 2378 1676 ἀπολακτίσῃς
2433 1593 2628 1675 λέχος.
2698 1592 2843 1655 905.
2888 1591 2984 1675 μὴ
3033 1589 3159 1653 ἀλλ’

711 1680 835 1764 εἴφ’
882 1682 1127 1765 ὁμοίως
1171 1682 1278 1745 καὶ
1322 1680 1563 1765 πατρὸς
1617 1687 1728 1745 τοῦ
1786 1688 1904 1745 σοῦ
1958 1682 2179 1765 μάτας.
2238 1680 2386 1745 Eur.
2435 1680 2624 1746 Herc.
2678 1682 2820 1745 191.
2865 1680 2961 1763 μὴ
3011 1680 3158 1761 ἀγα-

711 1772 869 1841 θοῖς.
918 1770 1059 1835 Hel.
1113 1771 1300 1835 1011.
1357 1773 1414 1834 εἶ
1460 1770 1551 1854 μὴ
1612 1770 1960 1835 ἀποδώσω.
2010 1771 2184 1853 Cycl.
2233 1773 2380 1835 272.
2434 1770 2526 1853 μὴ
2576 1770 2791 1834 ἀδίκει.
2929 1768 3162 1852 τούμὸν

711 1860 936 1924 ἄθλιον
984 1860 1211 1944 δέμας]
1260 1860 1501 1924 Eadem
1551 1860 1744 1924 verba
1791 1859 1860 1924 Ο.
1895 1860 1960 1926 C.
2012 1860 2157 1924 576.
2205 1866 2268 1924 et
2310 1860 2537 1925 ἄθλιον
2584 1860 2783 1944 δέμας
2828 1859 2925 1923 ΕΙ.
2980 1858 3120 1921 756.

893 1951 1080 2014 1389.
1127 1949 1204 2013 ἵν’
1254 1949 1290 2033 ἦ
1339 1949 1573 2033 τυφλός
1616 1974 1679 2014 τε
1728 1949 1846 2034 -]
1914 1949 2006 2014 Of.
2060 1950 2247 2013 1391.
2312 1949 2407 2013 ΕΙ.
2460 1950 2648 2013 1134.
2704 1950 2886 2019 ὅπως
2944 1947 3162 2012 θανὼν

710 2041 914 2104 ἔκεισο
978 2046 1053 2123 τῇ
1118 2039 1257 2103 τόθ’
1321 2041 1548 2122 ἡμέρᾳ.
1606 2041 1704 2123 Aj.
1756 2040 1902 2103 554.
1960 2038 2189 2104 Aesch.
2237 2038 2445 2102 Prom.
2499 2040 2642 2103 749.
2689 2040 2748 2102 τί
2788 2076 2874 2084 —-
2923 2038 3046 2102 οὔκ
3100 2037 3162 2099 ἕν

708 2129 878 2212 τάχει
918 2128 929 2214 Ι
969 2128 1181 2211 ἔρριψ’
1237 2129 1515 2213 ἐμαυτὴν
1545 2128 1720 2212 τῆσδ’
1753 2128 1882 2192 ἀπὸ
1915 2128 2194 2211 στύφλου
2234 2130 2491 2211 πέτρας,
2534 2126 2545 2213 Ι
2585 2129 2766 2200 ὅπως
2795 2127 2981 2210 πέδῳ
3012 2128 3160 2208 σκή·

709 2242 890 2301 ψασα
921 2223 1050 2283 τῶν
1080 2220 1340 2282 πάντων
1369 2219 1591 2282 πόνων
1632 2218 1640 2302 Ι
1682 2218 2067 2301 ἀπηλλάγην.
2107 2220 2249 2281 152.
2298 2217 2406 2282 Ch.
2444 2219 2586 2282 193.
2635 2217 2784 2281 Eur.
2804 2218 2997 2301 Hipp.
3020 2216 3160 2279 641.

708 2315 872 2392 χρῆν
920 2307 979 2371 δ’
1026 2309 1113 2378 εἰς
1158 2314 1424 2390 γυναῖκα
1470 2308 1841 2391 πρόσπολον
1888 2308 2008 2390 μὲν
2054 2308 2132 2371 οὐ
2178 2312 2397 2389 περᾶν,
2439 2308 2449 2390 Ι
2489 2307 2795 2390 ἄφθογγα
2845 2306 2904 2370 δ’
2953 2306 3163 2374 αὐταῖς

710 2398 1199 2478 ξυγκατοικίζειν
1257 2397 1419 2480 δάκη
1465 2397 1472 2479 Ι
1513 2399 1762 2480 θηρῶν,
1810 2394 1896 2460 ἵν’
1941 2396 2145 2480 εἶχον
2188 2399 2347 2480 μήτε
2400 2402 2810 2479 προσφωνεῖν
2859 2420 2994 2459 τινα
3041 2395 3161 2458 κτλ.

714 2487 859 2549 934.
911 2486 1100 2550 1082.
1146 2486 1281 2569 Iph.
1328 2486 1390 2549 T.
1428 2487 1574 2548 357.
1619 2486 1697 2550 ἵν’
1745 2486 1975 2557 αὐτοὺς
2020 2486 2643 2569 ἀντετιμωρησάμην.
2691 2485 2842 2549 Eur.
2884 2484 2986 2549 Fr.
3020 2486 3160 2548 439.

710 2580 832 2659 φεῦ
897 2580 1048 2658 φεῦ,
1111 2573 1182 2638 τὸ
1245 2575 1335 2659 μὴ
1403 2574 1475 2638 τὰ
1530 2576 1850 2659 πράγματ’
1897 2576 2271 2659 ἀνθρώποις
2325 2577 2486 2659 ἔχειν
2528 2576 2536 2660 Ι
2576 2575 2822 2660 φωνὴν,
2879 2576 2959 2637 ἵν’
3007 2573 3163 2659 ἦσαν

708 2664 913 2748 μηδὲν
945 2666 1006 2729 οῖ
1052 2665 1240 2729 δεινοὶ
1283 2665 1496 2747 λέγειν.
1546 2667 1737 2729 Arist.
1786 2665 1975 2750 Vesp.
2027 2666 2172 2730 960.
2222 2665 2369 2731 Pac.
2421 2667 2565 2729 135.
2612 2665 2782 2730 Eccl.
2835 2667 2981 2730 151.
3021 2663 3161 2729 426.

895 2754 1081 2818 1390.
1131 2752 1218 2817 Of.
1254 2756 1349 2839 Aj.
1373 2756 1519 2818 554.
1566 2755 1635 2819 τὸ
1666 2754 1756 2838 μὴ
1791 2762 2051 2838 φρονεῖν
2083 2755 2205 2838 γὰρ
2236 2755 2414 2837 κάρτ’
2449 2756 2783 2819 ἀνώδυνον
2812 2755 3037 2819 κακόν.
3069 2753 3161 2818 Fr.

714 2844 859 2908 517.
907 2849 1190 2925 τερπνῶς
1237 2844 1357 2926 γὰρ
1390 2844 1484 2908 ἀεὶ
1513 2845 1753 2916 πάντας
1784 2846 1964 2909 ἀνοία
2010 2846 2237 2929 τρέφει.
2374 2846 2502 2919 ἔξω
2532 2850 2662 2909 τῶν
2691 2849 2917 2909 κακῶν
2950 2839 3161 2925 οἰκεῖν]

709 2932 759 2998 Ι.
808 2953 866 3016 q.
911 2933 1002 3017 μὴ
1070 2939 1381 2998 συνοικεῖν
1443 2940 1570 3006 τοῖς
1623 2940 1863 3006 κακοῖς.
1943 2935 2033 2999 Cf.
2083 2937 2231 2998 Ant.
2278 2935 2426 2998 446.
2485 2937 2612 3008 ἔξω
2666 2935 2924 3017 βαρείας
2974 2932 3164 3000 αἰτίας

710 3023 1066 3105 ἐλεύθερον.
1113 3021 1264 3087 Eur.
1302 3023 1454 3088 Her.
1493 3025 1634 3088 109.
1681 3024 1882 3088 καλὸν
1930 3024 2001 3088 δέ
2046 3024 2103 3105 γ’
2152 3025 2280 3098 ἔξω
2326 3025 2722 3107 πραγμάτων
2767 3025 2930 3106 ἔχειν
2977 3022 3161 3086 πόδα.

892 3113 1080 3176 1391.
1128 3113 1208 3176 ἰὼ
1239 3111 1578 3195 Κιθαιρὼν
1612 3114 1728 3198 —]
1780 3114 1868 3178 Cf.
1922 3114 2110 3176 1340.
2158 3111 2308 3177 Eur.
2359 3113 2595 3179 Phoen.
2644 3114 2792 3177 809.
2840 3111 2898 3176 ὦ
2933 3149 3017 3158 —-
3054 3110 3160 3174 Ka-

708 3202 979 3284 θαιρὼν,
1033 3202 1281 3286 μήποτε
1325 3202 1433 3266 τὸν
1488 3203 1752 3285 θανάτῳ
1787 3204 2201 3284 προτεθέντα,
2249 3202 2506 3286 λόχευμ’
2545 3201 2895 3285 Ἰοκάστης,
2940 3200 2949 3285 Ι
2990 3203 3160 3284 ὤφε-

708 3292 810 3362 λες
863 3290 1176 3357 Οἰδιπόδα
1234 3293 1473 3374 θρέψαι
1527 3293 1772 3376 βρέφος
1826 3293 2094 3376 ἔκβολον
2149 3294 2364 3356 οἴκων.
2426 3292 2613 3355 1604.
2666 3291 2998 3374 Ταρτάρου
3046 3289 3161 3372 γὰρ

709 3382 957 3465 ὤφελεν
998 3382 1007 3463 Ι
1049 3382 1254 3445 ἐλθεῖν
1299 3380 1638 3463 Κιθαιρὼν
1685 3383 1772 3453 εἰς
1827 3382 2074 3465 ἄβυσσα
2121 3382 2442 3465 χάσματα,
2487 3389 2495 3465 Ι
2535 3382 2607 3452 ὅς
2651 3381 2723 3465 μ’
2772 3382 2849 3445 οὐ
2898 3375 3159 3448 διώλεσ’,

710 3469 863 3533 ἀλλὰ
911 3471 1037 3535 κτλ.
1114 3469 1308 3534 Hunc
1353 3471 1593 3554 locum,
1651 3477 1720 3535 ut
1775 3470 2136 3536 Meinekius
2192 3471 2512 3554 observat,
2569 3471 2921 3554 respiciunt
2967 3472 3160 3534 Anto-

706 3559 902 3624 ninus
949 3559 1109 3623 Phil.
1155 3558 1271 3623 XI.
1322 3560 1379 3622 6.
1428 3566 1491 3625 et
1536 3562 1851 3625 Arrianus
1898 3559 2097 3645 Epiet.
2144 3560 2193 3624 I.
2243 3563 2343 3624 24.

893 3650 1079 3713 1392.
1129 3648 1218 3712 Cf.
1266 3648 1363 3712 El.
1414 3651 1602 3712 1134.

891 3740 1078 3802 1395.
1127 3737 1331 3822 λόγῳ]
1398 3738 1486 3802 Of.
1533 3740 1683 3803 Eur.
1731 3738 1826 3802 ΕΙ.
1881 3741 2066 3804 1279.
2132 3739 2239 3804 καὶ
2300 3738 2409 3804 τὸν
2454 3739 2628 3822 λόγῳ
2682 3738 2796 3803 σὸν
2849 3736 3162 3820 πενθερὸν

711 3828 1041 3909 κομιζέτω.
1181 3828 1317 3891 οἷον
1363 3825 1487 3911 ἀρα
1538 3828 1656 3912 ——]
1705 3829 1798 3894 Cf.
1847 3829 1917 3892 O.
1952 3829 2016 3894 G.
2072 3830 2259 3893 1400.
2318 3829 2454 3894 οἷον
2501 3827 2604 3911 ἀρ’
2652 3829 2812 3893 ὁδοῦ
2858 3829 3033 3899 τέλος
3079 3863 3156 3873 --

710 3915 1226 4000 ἀφωρμήθημεν.
1409 3915 1569 4001 ἀρα]
1634 3918 1864 4000 Then,
1934 3921 1993 3982 it
2049 3919 2294 3982 would
2359 3937 2579 3983 seem.
2659 3916 2745 3981 Of.
2796 3919 2865 3983 O.
2901 3917 2966 3982 C.
3015 3916 3155 3980 408.

709 4005 901 4070 Arist.
947 4005 1116 4070 Nub.
1166 4007 1353 4070 1301.
1404 4007 1593 4091 Vesp.
1643 4010 1699 4072 3.
1750 4009 1896 4071 839.
1945 4010 2064 4072 Av.
2117 4009 2259 4071 161.
2314 4009 2498 4073 1688.
2547 4007 2639 4072 Pl.
2691 4009 2835 4072 579.

892 4097 1080 4159 1396.
1127 4096 1359 4167 κάλλος
1421 4103 1647 4161 κακῶν
1710 4097 2017 4182 ὕπουλον]
2092 4100 2152 4162 Α
2219 4099 2364 4162 fair
2438 4098 2692 4180 object
2757 4091 3156 4161 underlaid

709 4186 888 4249 with
927 4185 1097 4250 ·ills.
1185 4185 1711 4252 ‘Pulchritudinis
1786 4188 2060 4272 speeiem
2136 4188 2447 4252 malorum
2525 4187 2863 4252 obductam
2930 4180 3157 4250 ulceri)

708 4273 1034 4356 (Brunck.)
1100 4273 1307 4340 Schol.
1356 4277 1662 4340 ὕπουλονε
1714 4278 1998 4341 ὕποπτον
2030 4276 2364 4358 (ὕπόπυον,
2398 4283 2926 4362 suppuratum,
2971 4274 3154 4340 Mein.

706 4361 805 4428 Fr.
840 4364 1011 4429 Gom.
1044 4364 1155 4429 IV.
1192 4366 1376 4447 315.).
1444 4364 1533 4429 Of.
1565 4365 1823 4431 Hesiod.
1855 4366 1961 4430 Th.
1998 4369 2142 4430 585.
2191 4366 2408 4450 αὐτὰρ,
2456 4366 2670 4450 ἐπειδὴ
2719 4369 2894 4440 τεῦξε
2939 4361 3157 4429 καλὸν

710 4454 951 4517 κακὸν
997 4455 1128 4517 ἀντ’
1177 4455 1467 4537 ἀγαθοῖο.
1604 4456 1913 4540 ὕπουλον]
1979 4457 2248 4541 Proprie
2302 4457 2421 4520 hoc
2485 4457 2564 4522 de
2629 4457 2950 4521 ulceribus
3004 4471 3155 4519 non-

713 4542 864 4606 dum
911 4545 1261 4628 persanatis
1310 4543 1558 4608 dieitur.
1606 4545 1797 4609 Thue.
1832 4547 1891 4627 8,
1926 4545 2025 4609 64.
2079 4547 2353 4616 ὕπουλος
2409 4547 2752 4629 αὖτονομία
2812 4551 2888 4628 (a
2936 4543 3154 4609 hollow
