3463 5287
1405 450 1699 495 Ammoni:
2693 432 2773 493 57

503 611 648 674 301.
698 611 1063 692 δυσσέβειαν
1128 610 1387 693 εἰδέναι]
1456 609 1544 673 Of.
1595 610 1759 673 Phil.
1810 612 1954 673 960.
2020 611 2223 673 οὐδὲν·
2274 611 2499 673 εἰδέναι
2554 611 2774 673 κακόν.

319 699 415 762 Tr.
467 700 612 762 582.
662 698 921 763 Hesiod.
967 699 1075 762 Th.
1127 702 1270 763 313.
1307 699 1553 782 ”Ῡδρην
1603 737 1682 744 -
1733 700 1911 782 λύγρ’
1958 699 2210 763 εἰδυῖαν.

503 789 650 851 302.
694 787 876 872 τάδε]
925 788 1014 852 Cf.
1064 790 1209 852 375.

503 880 646 943 303.
696 877 784 941 Cf.
843 879 1067 943 Aesoh.
1116 879 1287 943 PerS.
1338 881 1482 942 723.
1549 879 1891 961 ἐξέπραξεν
1945 879 2106 942 ὥστε
2151 877 2498 960 Βόσπορον
2551 878 2777 961 κλῇσαι

371 992 401 1032 ε
442 992 539 1031 αν.

320 993 369 1050 μ
404 992 440 1051 γ
503 1058 648 1120 304.
696 1059 850 1140 ἴσχει
902 1095 980 1103 -
1029 1058 1099 1131 ἐξ
1144 1058 1303 1139 ἐμοῦ
1351 1057 1571 1141 σέβας]
1639 1058 1729 1122 Cf.
1781 1055 1850 1120 O.
1886 1056 1949 1120 C.
2006 1059 2189 1121 1617.
2254 1056 2327 1120 τὸ
2393 1057 2514 1140 γὰρ
2577 1057 2777 1139 φιλεῖν

322 1148 443 1211 οὐκ
491 1149 653 1212 ἔστιν
699 1148 768 1220 ἐξ
811 1148 962 1211 ὅτου
1009 1147 1201 1210 πλέον
1242 1148 1250 1229 Ι
1291 1151 1330 1231 ἢ
1378 1151 1439 1231 (ἢ
1493 1150 1548 1210 ’κ
1561 1148 1614 1227 P)
1659 1147 1848 1210 τοῦδε
1891 1146 2159 1229 τάνδρὸς
2205 1149 2425 1229 ἔσχετε.

503 1238 649 1300 305.
697 1237 915 1318 ὅρκιος
947 1236 1021 1300 δέ
1049 1261 1149 1300 σοι
1188 1235 1386 1320 λέγω]
1433 1237 1955 1318 Jurejurando
2004 1236 2436 1300 obstrictus.
2505 1236 2776 1320 Anglioe

320 1327 503 1390 with
551 1346 643 1390 an
689 1327 876 1390 oath.
953 1325 1045 1390 Cf.
1089 1324 1159 1390 Ο.
1185 1325 1247 1390 C.
1288 1327 1473 1389 1637.
1521 1327 1860 1409 κατῄνεσεν
1890 1327 2026 1389 τάδ’
2061 1326 2278 1408 ὅρκιος
2310 1326 2563 1408 δράσειν
2593 1328 2774 1408 ξένῳ.

504 1434 650 1498 306.
697 1432 1064 1517 αὐτόχειρα]
1113 1431 1202 1498 Cf.
1253 1435 1398 1497 900.

504 1523 650 1586 307.
698 1524 763 1593 ἐς
807 1522 1194 1606 ὀφθαλμοὺς
1239 1523 1466 1608 ἐμούς]
1515 1523 1603 1589 Cf.
1651 1522 1888 1587 Herod.
1936 1522 2051 1586 IX.
2110 1524 2247 1588 120.
2313 1522 2420 1587 τὸν
2465 1523 2661 1586 παῖδα
2710 1524 2776 1587 ἐν

320 1612 688 1697 ὀφθαλμοῖς
731 1618 843 1677 τοῦ
882 1612 1276 1695 Ἀρταΰκτεω
1323 1614 1715 1677 κατέλευσαν.
2181 1615 2186 1621 ’

508 1703 636 1765 308
670 1722 760 1784 sq.
810 1701 891 1767 cf
946 1702 1022 1765 ad
1072 1703 1173 1785 Aj.
1228 1704 1350 1767 108
1384 1723 1473 1786 sq.
1541 1703 1653 1767 Ph.
1708 1705 1895 1767 1329.
1959 1703 2055 1766 Tr.
2112 1703 2296 1765 1130.
2358 1701 2428 1766 O.
2461 1701 2533 1765 R.
2590 1705 2773 1766 1208.

319 1790 381 1874 ᾦ
425 1794 627 1875 μέγας
672 1791 858 1873 λιμὴν
903 1791 1095 1862 αὑτὸς
1140 1793 1405 1875 ἤρκεσεν
1452 1798 1566 1856 etc.

501 1882 648 1945 310.
696 1880 1006 1946 Similiter
1050 1881 1180 1946 fere
1229 1884 1327 1964 Aj.
1382 1884 1523 1947 100.
1589 1884 1892 1952 θανόντες
1956 1883 2079 1965 ἤδη
2144 1879 2290 1963 τᾶμ’
2337 1882 2804 1964 ἀφαιρείσθων·

317 1972 502 2034 ὅπλα.

502 2078 647 2141 312.
697 2078 784 2142 Cf.
820 2076 975 2143 O.C.
1013 2080 1156 2143 761.
1203 2081 1597 2163 Trag.adesp.
1630 2083 1685 2143 3.
1734 2079 1807 2142 τὰ
1856 2080 1914 2143 δ’
1961 2081 2115 2160 ἔργα
2160 2084 2272 2143 τοῦ
2318 2083 2448 2141 πᾶν
2495 2079 2776 2159 ὁρῶντος

319 2170 479 2231 ἔνθα
527 2168 833 2249 κερδανεῖ.
890 2167 1057 2233 Xen.
1106 2172 1226 2234 An.
1279 2169 1417 2233 VII.
1468 2173 1524 2233 7.
1572 2171 1674 2232 41.
1734 2168 1802 2232 τὸ
1858 2169 2162 2251 ἀργύριον
2217 2170 2379 2251 ἔχειν
2424 2169 2496 2231 ἐκ
2542 2168 2777 2239 παντὸς

317 2258 581 2339 τρόπου.
629 2259 820 2321 Arist.
852 2257 1098 2323 Thosm.
1137 2260 1280 2321 735.
1318 2261 1460 2321 736.
1540 2258 1645 2323 Sic
1692 2260 1763 2332 ἐξ
1792 2260 2069 2328 ἅπαντος
2101 2255 2170 2321 εὗ
2218 2258 2414 2339 λέγειν
2447 2258 2516 2321 O.
2539 2258 2604 2321 C.
2628 2259 2774 2322 804.

502 2348 648 2411 313.
694 2347 843 2419 τοὺς
903 2346 1227 2431 πλείονας]
1296 2348 1384 2412 Cf.
1434 2348 1580 2411 676.
1653 2348 1727 2411 τὰ
1793 2346 1993 2411 πολλὰ
2058 2349 2343 2429 σώματα.
2410 2344 2479 2409 Ο.
2514 2346 2577 2410 C.
2630 2348 2774 2411 796.

318 2434 469 2500 Eur.
517 2435 708 2520 Hipp.
755 2438 900 2500 473.
967 2437 1122 2510 ἀλλ’,
1169 2440 1227 2501 εἰ
1264 2438 1338 2500 τὰ
1384 2437 1578 2501 πλείω
1643 2437 1880 2520 χρηστὰ
1945 2443 2075 2499 τῶν
2137 2442 2362 2500 κακῶν
2416 2438 2575 2519 ἔχεις
2614 2435 2623 2520 Ι
2665 2437 2774 2499 ἄν·

318 2528 593 2608 θρωπος
641 2524 829 2598 οὖσα,
876 2526 1054 2608 κάρτ’
1100 2529 1180 2590 ἂν
1227 2525 1296 2590 εὗ
1341 2528 1643 2608 πράξειας
1689 2527 1784 2589 ἅν.
1863 2526 2015 2590 Sine
2063 2526 2327 2589 articulo
2377 2524 2525 2589 Eur.
2559 2524 2775 2610 Suppl.

320 2617 468 2679 207.
525 2616 618 2686 ὡς
671 2615 745 2679 τὰ
810 2618 1061 2699 χείρονα
1113 2620 1121 2700 Ι
1171 2617 1366 2681 πλείω
1429 2616 1745 2700 βροτοῖσίν
1811 2616 1934 2680 ἐστι
1996 2621 2124 2679 τῶν
2188 2615 2560 2698 ἀμεινόνων.
2628 2616 2775 2679 210.

317 2706 515 2770 πλείω
560 2705 634 2768 τὰ
681 2706 918 2789 χρηστὰ
964 2713 1093 2771 τῶν
1139 2712 1363 2770 κακῶν
1409 2706 1561 2770 εἶναι
1606 2709 1873 2790 βροτοῖς.

501 2814 647 2876 315.
696 2813 900 2884 οὕτως
947 2814 1091 2899 ἴω,·]
1140 2814 1231 2878 Cf.
1266 2815 1425 2879 Phil.
1465 2814 1652 2878 1066.
1703 2815 1909 2884 οὕτως
1955 2814 2131 2889 ἅπει,·
2181 2815 2277 2894 Aj.
2331 2814 2516 2876 1207.
2564 2818 2775 2895 κεῖμαι

324 2901 386 2965 δ’
433 2901 782 2985 ἀμέριμνος
828 2904 1048 2973 οὕτως.
1095 2903 1329 2967 Herod.
1377 2904 1427 2967 I.
1468 2905 1565 2966 11.
1614 2905 1807 2967 αὐτόν
1852 2928 1922 2967 σε
1968 2904 2189 2966 αὐτίκα
2238 2903 2435 2966 οὕτω
2484 2902 2773 2985 ἀποθνή-

319 3015 493 3055 σκειν
540 2991 648 3055 δεῖ.
695 2990 863 3055 Xen.
915 2995 1032 3055 An.
1068 2992 1208 3057 VII.
1244 2995 1300 3054 3.
1335 2996 1437 3056 27.
1485 2993 1672 3063 ἄλλος
1712 2994 1908 3055 παῖδα
1956 2991 2312 3074 εἰσαγαγὼν
2360 2993 2564 3062 οὕτως
2610 2993 2775 3056 ἐδω-

321 3082 563 3163 ρήσατο
607 3082 956 3161 προπίνων.
1006 3083 1197 3144 Arist.
1247 3081 1402 3145 Ran.
1452 3083 1598 3144 625.

501 3171 646 3233 316.
694 3169 801 3233 καὶ
831 3170 967 3254 νῦν]
1016 3170 1220 3235 Schol.
1268 3172 1475 3235 ἄπιθι·
1524 3171 1630 3234 καὶ
1675 3177 1791 3235 νῦν
1837 3170 1958 3253 γὰρ
1998 3173 2202 3251 λέγων
2248 3171 2506 3252 ἀνιαρός
2549 3195 2661 3253 μοι
2708 3170 2776 3234 εἳ.

322 3259 411 3322 Cf.
462 3260 651 3323 Arist.
699 3261 817 3322 Av.
872 3261 1058 3323 1221.
1124 3261 1333 3325 ἀδικεῖ
1381 3261 1452 3325 δὲ
1507 3262 1614 3324 καὶ
1660 3267 1789 3324 νῦν.
1839 3261 2003 3325 Xen.
2053 3260 2196 3340 Cyr.
2245 3260 2357 3324 ΙΙΙ.
2410 3262 2463 3323 1.
2505 3261 2605 3322 21.
2655 3261 2776 3324 οὐκ

321 3347 543 3422 οἶσθα,
591 3350 744 3431 ἔφη,
792 3349 883 3412 ὅτι
928 3350 1036 3413 καὶ
1080 3355 1193 3413 νῦν
1240 3351 1277 3415 ὁ
1325 3350 1437 3420 σὸς
1482 3350 1689 3432 πατὴρ
1738 3351 2051 3431 ἐψεύσατο
2101 3374 2217 3425 -,·

501 3457 648 3519 317.
696 3456 796 3519 ἐπὶ
839 3462 914 3540 τῇ
960 3463 1141 3541 ψυχῇ
1188 3456 1434 3540 δάκνει]
1494 3457 1582 3519 Of.
1633 3457 1800 3521 Phil.
1851 3458 1996 3520 378.
2051 3458 2235 3520 1358.
2297 3457 2393 3538 Aj.
2447 3458 2634 3520 1119.
2679 3457 2774 3519 Tr.

324 3548 470 3609 254.
527 3546 712 3608 1117.
762 3545 909 3609 Eur.
957 3546 1121 3610 Med.
1176 3547 1316 3609 111.
1363 3547 1636 3630 Theogn.
1687 3547 1831 3609 910.
1881 3546 1988 3609 καὶ
2038 3547 2355 3628 δάκνομαι
2401 3548 2633 3628 ψυχήν.

500 3635 647 3698 318.
696 3634 787 3698 Cf.
836 3636 1025 3699 Arist.
1075 3636 1166 3700 Pl.
1219 3638 1363 3699 971.
1422 3637 1663 3699 οὔκουν
1698 3673 1779 3681 --
1814 3637 1973 3717 ἐρεῖς
2019 3637 2300 3699 ἀνύσασα
2357 3635 2466 3697 τὸν
2510 3634 2777 3716 κνισμὸν

319 3726 486 3801 τίνα,·
640 3724 997 3808 ῥυθμίζεις]
1065 3723 1153 3789 Of.
1224 3726 1445 3790 Aesch.
1504 3725 1710 3789 Prom.
1772 3727 1917 3790 241.
1986 3725 2157 3790 Pers.
2209 3727 2354 3787 747.
2424 3723 2574 3787 Eur.
2621 3723 2777 3786 Hec.

326 3815 470 3876 923.
520 3813 678 3878 Plat.
728 3812 992 3879 Phaedr.
1043 3815 1170 3877 253
1205 3814 1275 3878 Β.
1342 3815 1589 3878 Aelian.
1638 3814 1834 3899 Epist.
1890 3818 1985 3877 14.
2050 3816 2109 3878 τί
2160 3813 2280 3896 γὰρ
2325 3814 2566 3896 μαθὼν
2613 3814 2775 3894 ῥυθ-

317 3905 516 3985 μίζεις
545 3926 627 3984 με
639 3927 660 3978 ,·
690 3901 842 3967 Eur.
876 3901 1088 3987 Suppl.
1125 3905 1224 3967 94.
1259 3905 1379 3987 οὐχ
1416 3906 1525 3967 ἕνα
1559 3904 1818 3985 ῥυθμὸν
1858 3906 1866 3985 Ι
1907 3909 2132 3968 κακῶν
2162 3904 2448 3986 ἐχούσας.
2585 3902 2776 3987 ὅπου]

321 3993 411 4058 Cf.
461 3991 532 4056 Ο.
566 3992 639 4057 R.
688 3992 833 4055 926.
884 3991 953 4056 O.
990 3991 1055 4055 C.
1110 3995 1295 4056 1218.
1346 3995 1443 4076 Aj.
1501 3994 1640 4057 103.
1691 3995 1835 4056 890.
1886 3993 2034 4056 Eur.
2081 3994 2270 4077 Hipp.
2323 3995 2468 4055 585.

498 4100 645 4162 320.
695 4098 824 4181 οἴμ’
871 4099 998 4183 ὥς]
1049 4098 1286 4164 Eadem
1336 4101 1516 4164 elisio
1563 4106 1672 4163 aut
1709 4102 1901 4164 erasis
1935 4105 2028 4162 est
2074 4100 2238 4163 infra
2276 4101 2462 4163 1270.
2498 4102 2594 4183 Aj.
2631 4102 2776 4162 354.

323 4191 466 4254 587.
500 4191 631 4271 οἴμ’
662 4189 756 4259 ὡς
787 4189 1030 4271 ἀθυμῶ
1065 4227 1173 4252 -.
1308 4190 1558 4273 λάλημα
1595 4190 1790 4273 δῆλον
1821 4189 2185 4271 ἐκπεφυκὸς
2231 4189 2315 4272 εἴ]
2366 4189 2489 4253 Pro
2527 4190 2776 4272 λάλημα

321 4281 511 4363 δῆλος
558 4278 942 4362 ἕκπεφυκὼς
988 4277 1056 4343 εἶ.
1134 4278 1224 4343 Cf.
1259 4279 1371 4343 Ph.
1407 4280 1507 4343 61.
1554 4280 1763 4363 μόνην
1808 4280 2054 4360 ἔχοντες
2098 4279 2271 4362 τήνδ’
2305 4280 2540 4342 ἅλωσιν
2576 4278 2777 4342 Ἰλίου.

315 4369 411 4433 Tr.
460 4370 608 4433 483.
656 4370 962 4452 ἥμαρτον,
1011 4370 1075 4433 εἴ
1105 4393 1159 4432 τι
1205 4370 1377 4452 τήνδ’
1426 4371 1735 4453 ἁμαρτίαν
1780 4371 2002 4450 νέμεις.
2053 4370 2151 4450 Aj.
2192 4369 2333 4431 114.
2385 4369 2574 4431 Arist.
2608 4368 2776 4432 Nub.

318 4460 462 4523 201.
516 4457 701 4541 Vesp.
736 4459 882 4521 858.
918 4459 1037 4521 AV.
1074 4458 1217 4522 607.
1267 4461 1306 4542 ἢ
1346 4460 1626 4541 παιδάρι’
1673 4458 1800 4522 ὄντ’
1848 4459 2280 4541 ἀποθνήσκειν
2331 4458 2431 4520 δεῖ
2471 4458 2778 4538 (αὖτούς);

316 4547 550 4615 Herod.
597 4547 710 4610 IV.
761 4547 861 4609 65.
908 4548 1138 4630 ταύτην
1188 4549 1625 4633 ἀνδραγαθίην
1671 4549 1971 4631 λέγοντες.
2153 4546 2437 4631 λάλημα]
2488 4546 2575 4610 Cf.
2624 4547 2776 4611 Eur.
