3463 5287
698 432 784 495 82
1776 448 2075 496 munem:

699 610 821 672 ἐστι
865 615 975 692 τῆς
1022 609 1363 691 εὐπραξίας
1404 608 1412 691 Ι
1450 609 1663 691 μήτηρ
1710 613 1827 672 eto.
1884 606 2052 672 Xen.
2099 608 2303 672 Anab.
2351 607 2465 672 III.
2520 610 2571 670 l.
2621 609 2723 672 38.
2779 609 2818 690 ἡ
2865 609 2984 690 μὲν
3031 608 3155 689 γὰρ

697 698 944 772 εὐταξία
992 699 1218 773 σώζειν
1265 698 1466 771 δοκεῖ,
1514 699 1553 779 ἡ
1603 698 1673 762 δὲ
1719 698 1937 771 ἀταξία
1985 697 2260 768 πολλοὺς
2304 698 2429 780 ἤδη
2477 697 2899 761 ἀπολώλεκεν.

876 787 1023 851 676.
1068 787 1142 851 τὰ
1188 787 1422 872 πολλὰ]
1471 787 1948 870 Plerumque.
2025 787 2295 870 Angliee
2343 786 2637 869 mostly.
2715 786 2839 851 Sed
2885 787 3157 850 fortasse

699 878 998 941 vitiosum
1045 884 1141 943 est
1182 876 1402 941 πολλά.

876 966 1022 1030 677.
1072 965 1159 1031 Of.
1217 965 1288 1030 O.
1322 964 1388 1029 C.
1450 967 1639 1030 1128.
1714 966 1945 1048 ἀμύνω
2010 965 2217 1029 τοῖσδε
2280 970 2407 1035 τοῖς
2468 965 2694 1047 λόγοις.
2761 965 2855 1028 ΕΙ.
2906 966 3051 1027 529.
3107 962 3154 1048 ᾗ

696 1056 902 1138 (Δίκῃ)
949 1062 1112 1139 χρῆν
1156 1055 1215 1120 σ’
1263 1056 1534 1139 ἀρήγειν.
1589 1053 1824 1120 Herod.
1873 1054 1988 1119 III.
2039 1055 2140 1118 61.
2198 1054 2292 1125 ὡς
2337 1054 2660 1137 Σμέρδιος
2706 1091 2789 1099 -
2837 1052 3151 1118 ἀκουστέα

695 1146 807 1228 εἴη.
873 1143 989 1208 ΙΧ.
1041 1146 1141 1208 59.
1207 1144 1481 1209 ἐδίωκον
1531 1180 1612 1190 --
1658 1145 1892 1228 κόσμῳ
1957 1143 2168 1208 οὐδενὶ
2230 1145 2678 1226 κοσμηθέντες.
2773 1143 2947 1206 Infra
3005 1145 3152 1207 730.

693 1233 842 1305 τοὺς
906 1234 1365 1316 ἀκοσμοῦντας.
1433 1234 1624 1298 Arist.
1685 1234 1776 1298 ΡΙ.
1830 1235 2020 1298 1085.
2085 1231 2456 1307 ξυνεκποτέ’
2522 1234 2650 1297 ἐστί
2708 1256 2807 1297 σοι
2870 1232 2977 1295 καὶ
3038 1232 3155 1316 τὴν

691 1325 907 1406 τρύγα.
972 1321 1160 1387 Hom.
1210 1322 1324 1387 Od.
1379 1325 1478 1402 11,
1528 1324 1673 1386 456.
1740 1324 1947 1387 οὐκέτι
1992 1322 2174 1386 πιστὰ
2223 1323 2513 1405 γυναιξίν.
2582 1321 2739 1385 Phil.
2790 1323 2935 1385 387.
2984 1324 3046 1385 οἳ
3092 1321 3153 1386 δ’

693 1413 1125 1495 ἀκοσμοῦντες
1186 1413 1457 1496 βροτῶν.
1544 1411 1816 1495 Seyffert
1883 1418 2012 1483 τοῖς
2076 1412 2500 1495 ὀρθουμένοις
2564 1413 2759 1489 (675)
2833 1412 3149 1494 intelligit,

694 1502 929 1585 quibus
973 1502 1138 1565 infra
1184 1508 1593 1586 opponuntur
1637 1502 1699 1565 οἱ
1744 1502 2174 1584 ἀκοσμοῦντες
2205 1502 2396 1581 (730).
2471 1500 2520 1565 I.
2553 1520 2604 1564 e.
2654 1501 2775 1565 the
2822 1500 3152 1582 orderly.

695 1588 1008 1674 Fortasse,
1059 1598 1247 1656 recte.
1382 1590 1642 1674 ἀμυντέ’
1691 1589 1846 1676 ἐστὶ]
1896 1590 1984 1655 Cf.
2030 1591 2218 1654 Thuo.
2266 1590 2313 1653 I.
2348 1590 2448 1653 86.
2499 1592 2612 1661 οὓς
2659 1590 2738 1653 οὗ
2784 1590 3151 1672 παραδοτέα

691 1687 820 1751 τοῖς
857 1681 1217 1764 Ἀθηναίοις
1262 1681 1437 1753 ἐστὶν,
1485 1679 1637 1745 οὐδὲ
1685 1681 1888 1751 δίκαις
1941 1680 2048 1743 καὶ
2092 1680 2303 1762 λόγοις
2349 1680 2693 1762 διακριτέα,
2750 1679 2906 1743 ἀλλὰ
2952 1704 3149 1762 τιμω-

692 1772 882 1853 ρητέα
931 1771 996 1834 ἐν
1042 1772 1228 1854 τάχει.
1277 1771 1379 1832 88.
1414 1772 1514 1833 93.
1655 1776 1782 1841 τοῖς
1827 1767 2325 1853 κοσμουμένοις]
2384 1766 2652 1832 Dativus
2706 1768 2820 1832 abs
2873 1768 2946 1832 τὰ
2994 1793 3149 1832 κοσ-

689 1859 983 1942 μούμενα
1032 1861 1307 1943 (passivo
1355 1878 1572 1941 sensu,
1629 1859 1891 1943 publio
1938 1859 2198 1936 order).
2278 1856 2632 1922 Scholiasta
2663 1858 2826 1921 male
2871 1858 3153 1941 explicat

690 1955 819 2021 τοῖς
863 1949 1182 2032 ἄρχουσιν.
1231 1951 1328 2032 Aj.
1382 1950 1567 2011 1103.
1619 1947 1851 2013 Herod.
1890 1948 1938 2011 Ι.
1975 1949 2074 2010 59.
2122 1948 2227 2010 ἐπί
2265 1971 2329 2010 τε
2373 1954 2501 2018 τοῖς
2546 1952 2919 2011 κατεστεῶσι
2966 1948 3151 2030 ἔνεμε

690 2039 804 2123 τὴν
847 2039 1048 2111 πόλιν,
1094 2039 1395 2120 κοσμέων
1439 2037 1655 2108 καλῶς
1700 2062 1765 2100 τε
1808 2037 1916 2101 καὶ
1961 2034 2049 2100 εὖ.

879 2128 1008 2191 678
1041 2146 1132 2209 sq.
1182 2127 1270 2191 Cf.
1317 2127 1416 2191 Fr.
1465 2128 1612 2190 850.
1668 2127 1837 2190 ὅπου
1893 2125 2014 2208 γὰρ
2062 2126 2124 2189 οῖ
2167 2125 2478 2208 φύσαντες
2534 2127 2848 2210 ἡσσῶνται
2890 2127 3150 2190 τέκνων.

695 2216 845 2280 Eur.
896 2217 1031 2279 Alo.
1081 2218 1226 2279 697.
1275 2216 1598 2298 γυναικὸς,
1654 2213 1712 2280 ὦ
1758 2215 2035 2288 κάκισθ’,
2082 2217 2455 2298 ἡσσημένος.
2514 2215 2692 2299 Trag.
2739 2216 2951 2299 adesp.
3003 2217 3149 2277 172.

689 2311 802 2370 τοῦ
865 2305 1208 2388 λαμβάνειν
1274 2305 1394 2387 γὰρ
1468 2307 1694 2376 πάντες
1758 2307 2073 2388 ἡσσῶνται
2137 2306 2207 2386 (i.
2255 2324 2305 2368 e.
2370 2306 2634 2387 ἥσσονές
2698 2305 2841 2386 εἰσι)
2912 2306 3148 2388 βροτοί.

783 2391 1083 2480 ἡσσητέα]
1152 2394 1243 2458 Cf.
1292 2396 1483 2458 Arist.
1530 2395 1690 2459 Aah.
1742 2396 1887 2458 394.
1951 2395 2266 2478 βαδιστέα.
2332 2395 2479 2457 480.
2528 2394 2934 2477 ἐμπορευτέα.
3000 2393 3149 2476 LyS.

693 2484 842 2547 450.
890 2485 1162 2567 ἡττητέα.
1235 2485 1377 2546 124.
1425 2485 1717 2566 ἀφεκτέα.
1785 2486 1931 2547 411.
1977 2485 2295 2547 πλευστέα.
2362 2483 2454 2548 ΡΙ.
2509 2485 2696 2548 1085.
2744 2485 3147 2557 ξυνεκποτέα.

692 2572 785 2636 ΕΙ.
821 2574 966 2637 340.
1015 2574 1343 2636 ἀκουστέα.
1392 2571 1462 2636 Ο.
1486 2573 1551 2637 C.
1577 2575 1766 2637 1426.
1814 2574 2244 2658 συγχωρητέα.
2294 2571 2365 2637 Ο.
2388 2571 2451 2636 C.
2475 2574 2623 2636 495.
2672 2573 2903 2636 ὁδωτά.
2958 2572 3149 2635 1360.

689 2664 985 2728 κλαυστά.
1031 2664 1127 2726 Tr.
1178 2665 1323 2726 949.
1374 2664 1687 2748 δύσκριτα.
1737 2666 1887 2727 Ant.
1938 2666 2083 2727 576.
2132 2664 2504 2746 δεδογμένα.
2550 2662 2786 2728 Herod.
2834 2661 2949 2727 III.
3010 2664 3148 2727 109.

689 2754 986 2837 βιώσιμα.
1033 2753 1150 2817 ΙΧ.
1200 2755 1301 2817 58.
1350 2754 1470 2817 οὐκ
1517 2755 1880 2836 ἐπιτρεπτέα
1928 2754 2067 2817 ἔστι.

870 2843 1016 2906 681.
1062 2851 1154 2925 τῷ
1214 2842 1432 2926 χρόνῳ
1497 2842 1939 2927 κεκλέμμεθα]
2011 2842 2327 2927 Decepti
2387 2862 2646 2907 sumus
2719 2846 3147 2908 senectute.

690 2930 778 2994 Cf.
834 2933 1020 2995 1218.
1066 2932 1162 2996 Tr.
1213 2934 1359 2995 243.
1417 2932 1657 3015 οἰκτραὶ
1703 2932 1853 3015 γὰρ,
1910 2934 1968 2996 εἰ
2005 2932 2097 3016 μὴ
2147 2931 2475 3015 ξυμφοραὶ
2520 2933 2857 2997 κλέπτουσί
2894 2956 2992 3015 με.
3052 2931 3147 2995 ΕΙ.

869 3112 1014 3174 683.
1062 3110 1335 3192 φύουσιν
1383 3147 1464 3156 -—
1514 3111 1785 3196 φρένας]
1844 3111 1935 3175 Cf.
1990 3112 2176 3174 1050.
2227 3111 2297 3174 O.
2332 3111 2396 3174 C.
2433 3112 2578 3173 805.
2625 3110 2837 3193 φύσας
2870 3148 2951 3158 --
2986 3112 3146 3192 φρέ-

689 3224 818 3271 νας.
868 3198 962 3262 ΕΙ.
1002 3200 1188 3262 1463.
1267 3199 1572 3264 Similiter
1605 3201 1696 3264 El.
1735 3201 1921 3264 1015.
1968 3202 2273 3283 προνοίας
2320 3201 2508 3263 οὐδὲν
2555 3199 2927 3282 ἀνθρώποις
2973 3201 3097 3282 ἔφυ
3135 3197 3143 3288 Ι

688 3289 919 3371 κέρδος
964 3289 1177 3372 λαβεῖν
1222 3289 1479 3371 ἄμεινον
1526 3290 1678 3355 οὐδὲ
1723 3296 1839 3354 νοῦ
1887 3297 2113 3373 σοφοῦ.

871 3380 1016 3441 684.
1066 3377 1153 3441 Cf.
1203 3376 1274 3442 O.
1307 3376 1377 3442 R.
1432 3381 1617 3443 1285.

868 3469 1012 3530 685.
1063 3467 1275 3552 ὅπως]
1322 3467 1521 3531 That.
1600 3468 1689 3532 Cf.
1740 3470 1809 3533 Ο.
1841 3469 1914 3533 R.
1966 3470 2111 3532 548.
2176 3468 2340 3532 τοῦτ’
2406 3468 2561 3532 αὐτὸ
2615 3470 2705 3551 μή
2762 3492 2875 3550 μοι
2930 3469 3148 3551 φράζ’,

688 3557 868 3626 ὅπως
915 3558 1035 3621 οὐκ
1083 3556 1140 3620 εἴ
1179 3557 1396 3626 κακός.
1445 3557 1542 3620 Fr.
1598 3560 1740 3640 153,
1792 3560 1845 3620 1.
1895 3557 2044 3621 Eur.
2091 3558 2242 3622 Her.
2297 3559 2483 3621 1054.
2532 3557 2767 3622 Herod.
2818 3557 2959 3621 VII.
2995 3561 3145 3622 237.

693 3645 863 3710 VIII.
921 3648 1061 3709 119.
1107 3646 1297 3710 Thue.
1348 3648 1395 3711 I.
1449 3649 1591 3710 122.
1641 3647 1808 3713 Xen.
1857 3647 2002 3730 Cyr.
2050 3647 2165 3711 111.
2216 3649 2271 3711 3.
2322 3649 2423 3711 20.

868 3738 1012 3798 686.
1061 3736 1192 3800 οὔτ’
1238 3738 1317 3798 ἂν
1382 3737 1694 3820 δυναίμην
1765 3738 1911 3820 μήτ’
1976 3738 2344 3820 ἐπισταίμην
2415 3736 2634 3820 λέγειν]
2702 3737 2792 3801 Cf.
2846 3736 2943 3799 Tr.
2997 3737 3145 3801 143.

683 3823 829 3908 μήτ’
876 3826 1191 3908 ἐκμάθοις
1235 3826 1540 3889 παθοῦσα
1598 3833 1712 3890 νῦν
1758 3826 1809 3888 τ’
1856 3828 2114 3908 ἄπειρος
2162 3826 2229 3889 εἷ.
2279 3829 2425 3888 582.
2474 3827 2585 3890 Ph.
2637 3827 2825 3890 1363.

865 3915 1012 3977 687.
1061 3915 1299 3996 γένοιτο
1343 3915 1576 3997 μέντᾶν
1626 3915 1741 4000 ——]
1800 3915 1888 3979 Cf.
1938 3918 2035 3998 Aj.
2085 3916 2187 3979 86.
2244 3917 2483 3998 γένοιτο
2528 3917 2761 3997 μέντᾶν
2805 3920 2934 3979 πᾶν
2979 3916 3143 3980 θεοῦ

684 4005 1102 4086 τεχνωμένου.
1151 4002 1301 4066 Eur.
1349 4002 1536 4068 Herc.
1588 4007 1686 4068 95.
1737 4007 1975 4087 γένοιτο
2019 4006 2133 4069 τᾶν
2183 4042 2291 4068 -.
2359 4003 2457 4069 Fr.
2486 4006 2631 4087 131,
2655 4008 2711 4068 2.
2760 4007 2998 4088 γένοιτο
3028 4008 3145 4069 τᾶν

685 4091 863 4156 πόλλ’
910 4090 1006 4158 ὧν
1054 4092 1313 4175 δόκησις
1358 4093 1479 4156 οὒκ
1526 4095 1629 4157 ἔνι.

865 4183 1010 4247 688.
1059 4181 1303 4262 Redde,
1359 4183 1390 4246 I
1437 4203 1546 4246 am
1593 4184 1987 4266 naturally
2045 4183 2403 4268 disposed
2468 4189 2538 4248 to
2594 4183 2773 4247 look
2829 4191 2901 4248 to
2947 4204 3144 4267 your

685 4272 1014 4336 interest
1075 4273 1150 4335 in
1218 4272 1317 4335 all
1386 4272 1657 4357 things.
1715 4272 2016 4336 Matthiae
2065 4274 2164 4356 (ad
2215 4273 2364 4336 Eur.
2416 4273 2649 4337 Phoen.
2700 4274 2870 4353 916.)
2916 4273 3142 4358 reddit,

687 4360 1090 4444 Ingenium
1157 4368 1231 4425 et
1291 4381 1535 4427 mores
1609 4363 1754 4426 mei
1832 4363 1936 4425 ita
1992 4364 2248 4426 ferunt
2310 4369 2394 4426 ut
2448 4363 2592 4426 tibi
2656 4362 3139 4446 prospiciam.

684 4450 774 4514 Cf.
806 4449 919 4512 Ph.
955 4453 1057 4514 88.
1121 4452 1283 4533 ἔφυν
1348 4450 1468 4533 γὰρ
1534 4452 1723 4516 οὐδὲν
1779 4452 1851 4514 ἐκ
1904 4453 2125 4536 τέχνης
2178 4453 2482 4535 πράσσειν
2526 4459 2748 4535 κακῆς.
2805 4451 2955 4514 Eur.
3001 4452 3138 4516 Ion.

690 4539 875 4603 1622.
924 4541 986 4602 οἱ
1029 4539 1217 4603 κακοὶ
1265 4539 1343 4614 δ’,
1390 4542 1609 4623 ὥσπερ
1663 4541 2003 4623 πεφύκασ’,
2060 4541 2281 4606 οὔποτ’
2327 4540 2397 4605 εὖ
2453 4542 2759 4624 πράξειαν
2804 4541 2896 4604 ἄν.
2945 4540 3138 4606 Isoor.
