3463 5287
669 404 693 466 1
714 403 747 464 7
757 405 794 465 2
1588 425 1837 470 οΕοιΡυε
1886 424 2187 470 commus

848 582 946 646 78.
994 582 1213 647 ἐνθάδ’
1246 583 1465 668 αὐτοῦ]
1513 583 1710 648 Here
1758 605 1846 649 on
1897 585 2046 647 this
2092 603 2278 666 very
2326 590 2511 668 spot.
2579 583 2671 648 cf.
2705 585 2895 648 Arist.
2929 584 3128 668 Vesp.

670 672 812 733 765.
860 672 1095 736 ἐνθάδε
1136 673 1143 754 Ι
1185 674 1380 737 αὐτοῦ
1425 675 1641 756 μένων
1689 675 1920 748 δίκαζε.
1970 675 2060 737 Pl.
2114 676 2299 737 1187.
2351 673 2571 757 Eupol.
2615 673 2695 738 II.
2731 675 2875 737 546.
2925 677 3004 756 ἢν
3055 675 3132 738 δέ

663 785 752 831 τις
803 766 932 824 τῶν
996 761 1217 825 ἐνθάδ’
1274 764 1468 826 αὐτοῦ
1525 769 1638 827 etc.
1705 764 1863 827 Plat„
1914 762 2097 846 Resp.
2148 764 2271 825 621
2311 762 2377 826 C.
2445 764 2638 827 αὐτοῦ
2702 787 2766 826 τε
2828 765 3131 845 μένοντες

667 851 915 915 ἐνθάδε.
963 851 1198 913 Herod.
1245 851 1354 914 IV.
1408 854 1549 915 135.
1599 851 1810 916 Solon.
1860 853 1956 916 Fr.
2006 854 2120 927 28,
2176 853 2268 915 ll.
2346 853 2546 917 Plena
2593 854 2978 916 constructio
3028 859 3131 917 est

664 946 791 1009 τοῖς
837 940 1058 1003 ἐνθάδ’
1106 941 1299 1004 αὐτοῦ
1355 940 1541 1023 (οὖσι)
1601 943 1929 1024 δημόταις,
1993 942 2083 1024 μὴ
2135 945 2302 1022 (τοῖς)
2359 940 2497 1005 κατ’
2545 942 2697 1005 ἄστυ
2744 938 2945 1023 (οὖσι).
3023 941 3128 1006 De

668 1030 1009 1093 omissione
1074 1031 1368 1113 particuli
1432 1037 1574 1101 τοῖς.
1663 1030 1752 1094 Cf.
1803 1031 1947 1094 268.
2021 1030 2092 1093 τὰ
2168 1030 2409 1114 μητρὸς
2481 1030 2590 1093 καὶ
2651 1030 2905 1112 πατρός.
2974 1032 3124 1094 588.

668 1117 760 1180 ΕΙ.
812 1119 956 1181 991.
1020 1119 1127 1181 καὶ
1170 1127 1263 1201 τῷ
1325 1120 1562 1202 λέγοντι
1607 1120 1715 1182 καὶ
1760 1121 2007 1184 κλύοντι
2055 1121 2409 1203 σύμμαχος.
2474 1120 2571 1183 Tr.
2622 1120 2767 1182 356.
2834 1120 2911 1183 οὗ
2974 1120 3128 1183 τάπὶ

666 1206 906 1277 Λυδοῖς
953 1207 1092 1271 οὐδ’
1141 1209 1237 1270 ἐπ’
1302 1210 1370 1289 (i.
1419 1228 1466 1271 e.
1517 1209 1668 1273 οὐδὲ
1731 1209 1804 1272 τὰ
1871 1209 2000 1290 ἐπ’)
2058 1208 2359 1292 Ὀμφάλῃ
2414 1209 2638 1273 πόνων
2680 1208 2687 1293 Ι
2728 1209 3122 1291 λατρεύματ’.

667 1296 815 1359 Eur.
864 1295 1005 1360 Hel.
1059 1299 1243 1360 1085.
1290 1298 1425 1361 Τιό.
1480 1298 1622 1361 716.

846 1386 946 1449 80.
994 1387 1053 1449 εἰ
1095 1424 1176 1432 -
1224 1385 1298 1470 ἢ]
1366 1386 1453 1450 Cf.
1502 1388 1582 1450 ad
1634 1389 1779 1450 Ant.
1836 1389 2019 1451 1217.
2087 1388 2311 1451 Aesoh.
2365 1387 2462 1450 Pr.
2512 1388 2658 1451 805.
2718 1387 2863 1451 ἑλοῦ
2910 1386 3033 1469 γὰρ
3086 1391 3124 1471 ἢ

668 1475 726 1554 (Ι.
775 1476 856 1554 εἰ)
902 1476 1124 1539 πόνων
1178 1474 1250 1538 τὰ
1307 1477 1492 1539 λοιπά
1550 1501 1648 1541 σοι
1690 1477 1697 1555 Ι
1741 1478 1974 1559 φράσω
2023 1482 2332 1560 σαφηνῶς
2384 1479 2424 1559 ἢ
2471 1477 2580 1539 τὸν
2628 1477 2943 1540 ἐκλύσοντ’
2991 1477 3123 1558 ἐμέ.

669 1564 817 1628 Cho.
868 1566 1012 1627 876.
1061 1564 1249 1627 Hom.
1295 1566 1365 1628 Il.
1415 1566 1592 1630 XIV.
1649 1567 1744 1628 19.
1803 1566 2176 1648 δαϊζόμενος
2221 1565 2380 1629 κατὰ
2428 1565 2645 1648 θυμὸν
2685 1566 2695 1648 Ι
2738 1566 3033 1649 διχθάδι’,
3084 1569 3124 1648 ἢ

669 1654 808 1734 (εἰΡ)
858 1692 937 1700 -
1002 1654 1061 1717 ’ὲ
1110 1658 1223 1717 eto,

846 1745 948 1805 81.
989 1679 1169 1826 ²772122‘21]
1219 1743 1310 1807 Cf.
1337 1743 1446 1806 Ph.
1473 1745 1617 1807 433.
1664 1750 1793 1807 ποῦ
1842 1744 1961 1826 γὰρ
1993 1744 2073 1827 ἦν
2106 1745 2379 1807 ἐνταῦθά
2413 1768 2511 1808 σοι
2553 1744 2561 1825 Ι
2607 1743 3128 1827 Πάτροκλος-,·

850 1833 951 1894 83.
1000 1836 1162 1914 ἐμοῦ
1208 1830 1442 1919 μόνης]
1509 1833 1743 1917 Supple
1789 1835 1999 1916 οὔσης.
2080 1833 2169 1897 Cf.
2225 1833 2416 1896 Thuo.
2464 1834 2545 1897 ΙΙ.
2596 1836 2698 1895 35.
2765 1834 2858 1904 ὡς
2923 1833 3127 1896 καλὸν

669 1921 829 1999 (add.
878 1923 1017 2002 ὂνΡ)
1064 1921 1164 1985 ἐπὶ
1208 1929 1336 1992 τοῖς
1384 1960 1465 1969 -
1512 1924 1940 2004 θαπτομένοις
1995 1923 2414 2004 ἀγορεύεσθαι
2470 1922 2661 1986 αὐτόν
2718 1922 2846 2003 (τὸν
2892 1923 3125 2005 λόγον).

669 2010 827 2074 Plat.
877 2009 1062 2095 Gorg.
1110 2032 1151 2094 p
1223 2013 1363 2075 105.
1419 2013 1512 2082 ὡς
1558 2014 1770 2092 ἕτερον
1818 2013 1980 2089 (add.
2029 2012 2178 2089 ὂνΡ)
2224 2012 2335 2094 τὴν
2383 2012 2675 2093 ἀνδρείαν
2720 2018 2830 2094 τῆς
2876 2012 3125 2094 ἐπιστή-

667 2124 810 2182 μης.
859 2100 1026 2163 Xon.
1076 2101 1260 2165 Mem.
1310 2100 1355 2165 I.
1407 2102 1462 2163 6.
1515 2103 1569 2165 5.
1626 2103 1718 2175 ὡς
1776 2101 2181 2183 χαλεπώτερα
2238 2102 2626 2182 πορίσασθαι
2670 2101 2744 2163 τὰ
2793 2101 2916 2183 ἐμὰ
2967 2101 3125 2164 διαι-

667 2190 909 2271 τήματα
955 2195 1084 2252 τῶν
1130 2195 1281 2253 σῶν.

848 2279 948 2341 84.
999 2278 1089 2342 Cf.
1140 2279 1285 2341 668.
1352 2281 1647 2353 εὐίππου,
1723 2276 1884 2355 ξένε,
1949 2280 2137 2343 τᾶσδε
2200 2281 2419 2361 χώρας
2482 2281 2625 2343 ἵκου
2689 2278 2762 2341 τὰ
2828 2279 3125 2360 κράτιστα

671 2372 785 2449 γᾶς
831 2368 1086 2429 ἔπαυλα.
1226 2367 1380 2452 εὖτ’]
1429 2369 1474 2432 I.
1525 2390 1582 2451 q.
1631 2370 1864 2451 ἐπειδή.
1944 2369 2033 2433 Cf.
2082 2369 2241 2431 Phil.
2297 2370 2481 2432 1099.

849 2457 948 2518 85.
996 2458 1274 2537 πρώτων
1321 2458 1422 2538 ἐφ’
1469 2459 1656 2538 ὑμῶν
1689 2456 1807 2541 —]
1867 2458 1953 2520 Cf.
2003 2460 2148 2521 467.
2197 2459 2325 2521 θοῦ
2371 2483 2485 2520 νυν
2530 2457 2880 2540 καθαρμὸν
2923 2458 3128 2521 τῶνδε

672 2545 1015 2627 δαιμόνων,
1063 2545 1166 2628 ἐφ’
1212 2548 1287 2616 ἃς
1329 2547 1335 2628 i
1377 2547 1446 2610 τὸ
1493 2552 1752 2628 πρῶτον
1797 2549 1940 2610 ἵκου
1989 2548 2267 2628 (πρώτας
2314 2547 2617 2628 ἀφίκουῬ)
2664 2547 2772 2609 καὶ
2817 2547 3126 2610 κατέστει-

668 2659 801 2717 ψας
845 2635 1058 2699 πέδον.
1198 2637 1387 2718 ἕδρας
1437 2675 1518 2682 -
1568 2637 1672 2719 ἐφ’
1720 2635 1930 2721 ὑμῶν]
1981 2636 2068 2700 Cf.
2120 2637 2309 2700 Arist.
2361 2635 2472 2719 Eq.
2528 2638 2713 2699 1312.
2771 2639 2811 2719 ἢ
2864 2636 2952 2699 ’πὶ
2997 2641 3128 2699 τῶν

669 2730 922 2807 σεμνῶν
967 2726 1143 2788 θεῶν
1190 2727 1580 2809 (καθῆσθαι).
1718 2727 1923 2810 Supra
1973 2727 2069 2789 19.
2128 2724 2205 2789 οὗ
2252 2726 2430 2789 κῶλα
2486 2727 2755 2808 κάμψον
2800 2727 2976 2789 τοῦδ’
3025 2726 3127 2788 ἔπ’

671 2815 932 2888 ἀξέστου
979 2816 1227 2895 πέτρου.

850 2904 950 2968 86.
999 2903 1401 2988 ἀγνώμονες]
1458 2904 1722 2968 Durae.
1804 2905 1891 2969 Cf.
1938 2905 2036 2968 Tr.
2086 2906 2232 2967 473.
2290 2911 2663 2987 φρονοῦσαν
2708 2903 2912 2987 θνητὰ
2960 2904 3128 2967 κούκ

672 2994 1019 3074 ἀγνώμονα
1068 2997 1172 3072 (sc,
1222 2993 1458 3068 οὖσαν).
1513 2995 1699 3057 1266.

850 3084 951 3144 87.
998 3081 1072 3144 τὰ
1119 3083 1319 3145 πολλὰ
1372 3121 1452 3129 --
1500 3082 1705 3167 κακὰ]
1762 3082 1850 3147 Cf,
1900 3083 1991 3146 El.
2045 3084 2187 3146 564.
2235 3083 2308 3146 τὰ
2357 3082 2556 3146 πολλὰ
2603 3081 2927 3164 πνεύματ’.
2978 3083 3128 3144 931.

673 3171 743 3233 τὰ
791 3171 992 3235 πολλὰ
1044 3209 1123 3217 —-
1172 3174 1564 3255 κτερίσματα.
1612 3173 1880 3236 Patrool.
1928 3173 2103 3254 Trag.
2153 3173 2250 3235 Fr.
2305 3175 2356 3236 1.
2405 3172 2476 3234 τὰ
2524 3171 2703 3235 πόλλ’
2751 3174 2889 3255 ἔπη.

850 3263 951 3324 89.
998 3261 1276 3346 τερμίαν]
1327 3262 1421 3326 Gl.
1469 3263 1611 3326 Par.
1658 3263 2022 3325 τελευταίαν.

851 3351 952 3413 90.
998 3352 1175 3414 θεῶν
1240 3356 1493 3433 σεμνῶν
1557 3353 1752 3434 ἕδραν
1805 3351 1916 3434 —-]
1986 3352 2073 3415 Cf.
2123 3353 2270 3413 458.
2326 3352 2509 3412 1049.
2577 3351 2669 3413 ΕΙ.
2725 3351 2866 3412 112.
2930 3350 3127 3413 Thuc.

670 3440 718 3504 I.
776 3441 914 3502 126.
961 3441 1441 3522 καθεζομένους
1489 3442 1560 3504 δέ
1603 3465 1771 3510 τινας
1835 3441 1942 3503 καὶ
2006 3441 2107 3502 ἐπὶ
2161 3445 2288 3503 τῶν
2345 3445 2597 3521 σεμνῶν
2653 3440 2830 3503 θεῶν
2887 3441 2956 3502 ἑν
2999 3445 3130 3509 τοῖς

670 3530 919 3611 βωμοῖς
968 3567 1049 3574 ·-
1101 3530 1524 3612 διεχρήσαντο.
1580 3531 1765 3592 Arist.
1815 3530 1929 3612 Eq.
1985 3531 2172 3592 1312.
2222 3530 2488 3592 Pausan.
2536 3529 2585 3591 I.
2621 3531 2721 3592 28.
2758 3528 2813 3590 6.
2862 3528 3130 3609 πλησίον

675 3617 745 3681 δὲ
809 3618 979 3699 ἱερὸν
1043 3621 1220 3681 θεῶν
1285 3620 1444 3682 ἐστὶν
1508 3621 1584 3689 ἃς
1640 3620 1940 3682 καλοῦσιν
1977 3618 2300 3701 Ἀθηναῖοι
2349 3619 2597 3700 σεμνάς.
2647 3625 2709 3680 et
2757 3617 2899 3680 VII.
2933 3619 3034 3679 25.
3070 3618 3129 3678 3.

671 3708 1176 3789 καταφεύγουσιν
1222 3710 1306 3778 εἷς
1361 3709 1469 3771 τὸν
1502 3709 1748 3788 Ἄρειον
1801 3709 2009 3789 πάγον
2065 3708 2170 3770 καὶ
2226 3708 2324 3770 ἐπὶ
2379 3713 2507 3770 τῶν
2554 3709 2730 3770 θεῶν
2786 3709 2860 3768 αἳ
2905 3706 3130 3788 σεμναὶ

673 3796 1007 3859 καλοῦνται
1038 3796 1185 3864 τοὺς
1216 3799 1499 3880 βαηιούς.
1549 3796 1846 3860 Dinarch.
1881 3818 1930 3859 e.
1963 3797 2141 3861 Dem.
2177 3799 2213 3877 ξ
2250 3799 2348 3860 35.
2398 3795 2824 3878 ἐπιωρκηκὼς
2869 3795 2988 3877 μὲν
3019 3795 3129 3865 τὰς

674 3885 908 3968 σεμνὰς
953 3886 1110 3956 θεὰς
1157 3888 1223 3949 ἑν
1261 3887 1484 3968 Ἀρείῳ
1530 3888 1736 3968 πάγῳ.
1893 3886 2270 3969 ξενόστασιν]
2322 3885 2410 3947 Cf.
2460 3887 2558 3949 Fr.
2609 3887 2753 3948 258.
2801 3885 3131 3954 πανδόκος

673 3975 1042 4048 ξενόστασις.
1104 3977 1328 4038 Aesch.
1379 3974 1526 4038 Cho.
1578 3979 1721 4038 662.
1781 3978 1846 4039 ἐν
1903 3976 2152 4058 δόμοισι
2207 3975 2555 4045 πανδόκοις
2602 3976 2819 4048 ξένων.
2900 3972 3131 4038 Confer

671 4065 1005 4146 βούστασις
1051 4066 1299 4144 (Aesoh.
1356 4065 1450 4127 Pr.
1503 4067 1695 4148 674),
1746 4065 2139 4137 ἱππόστασις,
2189 4072 2303 4128 etc,

854 4154 953 4215 91.
1002 4153 1289 4238 κάμψαι]
1340 4154 1434 4215 Gl.
1488 4155 1622 4217 Par.
1670 4154 2038 4224 καταλῦσαι,
2085 4154 2419 4217 τελειῶσαι.
2499 4154 2586 4217 Cf.
2622 4153 2769 4216 Eur.
2803 4152 2991 4235 Hipp.
3026 4154 3129 4215 86.

672 4243 845 4312 τέλος
893 4243 962 4306 δὲ
1008 4244 1336 4325 κάμψαιμ’
1382 4243 1601 4326 ὥσπερ
1648 4244 1943 4325 ἠρξάμην
1988 4244 2149 4324 βίου.
2209 4242 2352 4307 Hel.
2403 4243 2586 4305 1666.
2645 4243 2797 4305 ὅταν
2844 4242 2914 4305 δὲ
2960 4243 3126 4323 κάμ-

676 4356 806 4414 ψῃς
851 4332 957 4395 καὶ
1003 4332 1367 4415 τελευτήσῃς
1412 4335 1568 4415 βίον.
1620 4332 1710 4394 ΕΙ.
1763 4333 1908 4395 956.
1974 4332 2122 4413 πρὶν
2169 4335 2248 4394 ἂν
2292 4333 2485 4402 πέλας
2526 4333 2533 4413 Ι
2577 4337 2879 4414 γραμμῆς
2925 4332 3129 4411 ἵκηται

674 4421 781 4482 καὶ
826 4422 998 4491 τέλος
1044 4422 1276 4504 κάμψῃ
1324 4421 1484 4504 βίου.
1554 4421 1698 4484 663.
1758 4421 1971 4504 Suppl.
2025 4422 2170 4484 750.
2230 4423 2523 4484 Aoristus
2571 4429 2642 4484 ut
2685 4423 2904 4484 θανεῖν
2952 4419 3022 4482 O.
3056 4418 3127 4483 R.

679 4509 822 4570 713.
868 4510 964 4573 Tr.
1021 4511 1206 4573 1159.
1274 4511 1499 4574 Aesoh.
1551 4510 1651 4573 Pr.
1703 4511 1849 4574 688.
1914 4512 2094 4594 βάξις
2159 4512 2462 4592 (oraculi)
2526 4510 2722 4593 ἦλθεν
2769 4508 2997 4593 Ἰνάχῳ
3046 4544 3129 4556 --
