3463 5287
686 395 769 457 58
1765 413 2059 458 Ammona

681 572 880 636 Andr.
933 574 1076 636 937.
1134 578 1361 656 σοφῶν
1414 574 1804 655 πανούργων
1857 572 2163 636 ποικίλων
2217 572 2615 655 λαλημάτων.
2693 570 2943 636 Similia
2987 579 3139 636 sunt

679 663 1072 746 περιλάλημα
1114 664 1453 745 (Hesych.),
1500 664 1741 746 ἄλημα,
1788 664 2053 745 τρίμμα,
2100 663 2509 744 περίτριμμα,
2557 668 2802 744 κῦρμα,
2850 663 3136 744 σόφισμα

680 752 897 831 (Arist.
946 754 1065 814 Av.
1115 754 1311 832 431),
1367 753 1686 836 κρότημα,
1744 753 2148 835 παιπάλημα,
2198 753 2452 835 δήλημα
2501 752 2752 831 (Aesch.
2799 752 2896 816 Fr.
2951 752 3136 831 101.)‚

681 841 1046 924 ἀπαιόλημα
1105 843 1353 921 (Aesch.
1403 842 1551 906 Cho.
1607 843 1793 905 1002.
1852 842 2136 925 φηλήτης
2192 841 2382 924 ἀνὴρ,
2427 842 2434 921 Ι
2476 842 2678 915 ξένων
2725 842 3135 923 ἀπαιόλημα),

678 932 1019 1014 πατάγημα
1067 932 1169 1011 (de
1219 933 1473 996 homine
1519 932 1802 1015 garruIO,
1854 930 2189 1012 Menand.).
2362 930 2645 1014 λάλημα]
2702 931 2915 1013 ἅλημα
2963 931 3135 1013 vulg.

680 1018 1027 1085 Scholiasta
1072 1040 1188 1104 per
1231 1023 1609 1103 περίτριμμα
1657 1026 1722 1086 et
1765 1027 2131 1102 πανοῦργος
2177 1019 2468 1103 explicat.
2548 1019 2636 1084 Of.
2672 1022 2768 1103 Aj.
2806 1021 2950 1083 381.
2987 1021 3135 1083 389.

859 1111 1004 1173 321.
1052 1110 1211 1195 οἷον]
1261 1110 1371 1174 Ut.
1451 1109 1535 1174 Cf.
1584 1113 1731 1174 447.
1783 1112 1974 1174 Arist.
2022 1110 2136 1192 Eq.
2187 1111 2332 1172 367.
2384 1110 2527 1173 703.
2577 1111 2695 1172 Av.
2745 1110 2890 1172 224.
2945 1110 3134 1172 1646.

858 1201 1001 1262 323.
1051 1200 1207 1284 φεῦ]
1274 1199 1477 1264 Extra
1521 1219 1778 1264 versum
1844 1206 1914 1263 ut
1979 1200 2044 1262 in
2115 1200 2302 1263 1047.
2370 1198 2462 1261 El.
2517 1199 2702 1263 1021.
2780 1197 2892 1262 Ph.
2946 1200 3134 1262 1019.

679 1287 827 1352 Eur.
876 1290 1030 1354 Hec.
1067 1292 1166 1353 55.
1216 1295 1329 1353 eto.
1379 1291 1568 1353 Arist.
1602 1290 1760 1353 Aah.
1794 1292 1941 1353 457.
1990 1290 2146 1353 Ran.
2190 1291 2327 1351 141.
2374 1288 2468 1353 Pl.
2504 1290 2650 1351 361.
2682 1292 2797 1353 eto.
2935 1286 2973 1371 ἦ
3010 1288 3134 1352 δει-

679 1377 790 1441 νὸν
838 1378 955 1463 --]
1006 1377 1092 1442 Cf.
1142 1378 1234 1443 El.
1290 1380 1474 1442 1039.
1523 1378 1561 1461 ἦ
1613 1377 1819 1443 δεινὸν
1864 1377 1935 1443 εὗ
1981 1380 2289 1461 λέγουσαν
2334 1378 2802 1460 ἐξαμαρτάνειν.

858 1487 1002 1548 324.
1054 1486 1371 1550 Partioula
1414 1486 1505 1569 μὴ
1556 1486 1823 1550 eandem
1871 1487 2085 1550 sedem
2134 1484 2324 1548 habet
2369 1486 2439 1547 in
2484 1485 2710 1549 Aesch.
2760 1483 2905 1548 Cho.
2945 1484 3133 1548 1005.

681 1574 827 1638 Eur.
864 1574 1024 1640 Med.
1065 1576 1251 1638 1053.
1299 1581 1363 1639 et
1394 1576 1470 1639 οὗ
1515 1576 1582 1637 in
1615 1576 1766 1638 Eur.
1800 1576 1950 1639 Her.
1991 1575 2176 1638 1016.
2221 1575 2442 1637 θανεῖν
2477 1574 2596 1656 μὲν
2629 1575 2707 1638 οὗ
2749 1572 2758 1654 Ι
2798 1576 3041 1658 χρῄζω.

858 1666 1003 1726 325.
1049 1670 1239 1728 ταῦτα
1276 1702 1357 1711 —-
1389 1665 1536 1735 τοὺς
1584 1664 1901 1749 ὁρῶντας]
1951 1665 2038 1728 Cf.
2085 1663 2180 1727 Fr.
2215 1665 2361 1726 269.
2408 1670 2598 1727 ταῦτα
2646 1669 2773 1734 τοῖς
2816 1664 2908 1746 μὴ
2959 1664 3132 1747 δρῶ-

677 1778 789 1817 σιν.
835 1755 1028 1818 Arist.
1075 1754 1222 1818 Pac.
1273 1755 1417 1817 648.
1465 1761 1655 1817 ταῦτα
1705 1755 1762 1817 δ’
1810 1754 1889 1837 ἦν
1935 1755 1972 1818 ὁ
2021 1754 2197 1836 δρῶν
2241 1752 2685 1836 βυρσοπώλης.

648 1864 655 1873 ·
857 1844 1001 1906 326.
1051 1843 1142 1909 Cf.
1190 1844 1446 1909 Hesiod.
1496 1844 1607 1927 Op.
1658 1844 1806 1906 352.
1870 1844 1960 1926 μὴ
2027 1841 2197 1906 κακὰ
2243 1842 2616 1923 κερδαίνειν·
2682 1841 2852 1906 κακὰ
2899 1842 3134 1923 κέρδεα

675 1931 754 1996 ῖσ’
801 1933 1032 2015 ἄτῃσιν.
1185 1933 1258 1995 τὰ
1308 1933 1478 1997 δειλὰ
1524 1933 1758 2018 κέρδη]
1825 1932 2027 2002 δειλὸς
2090 1952 2278 2014 saepe
2325 1933 2566 1995 malus
2620 1931 2961 2015 significat,
3027 1935 3134 1996 oui

676 2022 926 2103 ἀγαθὸς
973 2024 1334 2106 opponitur,
1396 2029 1467 2085 ut
1523 2025 1585 2087 in
1633 2022 1905 2105 Theogn.
1956 2022 2101 2085 629.
2157 2027 2374 2104 χρῆμα
2426 2058 2506 2067 -
2557 2023 2700 2085 οὔτε
2753 2046 2806 2084 τι
2866 2020 3069 2085 δειλὸν
3122 2020 3128 2107 Ι

676 2113 805 2174 οὔτ’
854 2113 1120 2193 ἀγαθόν.

857 2219 1002 2282 327.
1048 2218 1324 2303 μάλιστ’]
1393 2219 1481 2284 Cf.
1538 2220 1704 2283 Phil.
1755 2219 1901 2283 617.
1963 2220 2150 2282 1285.
2216 2219 2406 2284 Isoor.
2455 2239 2513 2302 p.
2564 2219 2687 2282 231
2727 2219 2803 2282 A.
2871 2221 2950 2301 ἢν
3015 2216 3133 2282 οὖν

677 2308 818 2390 ἐμοὶ
863 2309 1082 2391 πείθῃ,
1129 2309 1394 2390 μάλιστα
1440 2309 1559 2391 μὲν
1606 2311 1683 2372 οὗ
1729 2310 2011 2392 ποιήσεις
2058 2347 2170 2382 -,
2217 2311 2274 2372 εἰ
2317 2310 2386 2373 δὲ
2430 2309 2521 2391 μὴ
2576 2346 2684 2372 -.

856 2400 1001 2459 328.
1048 2404 1232 2461 τοῦτο
1299 2397 1419 2479 γὰρ
1482 2400 1637 2481 τύχη
1705 2398 1932 2482 κρινεῖ]
2000 2399 2088 2463 Cf.
2138 2399 2364 2462 Aesch.
2414 2398 2580 2481 Sept.
2629 2398 2776 2461 410.
2835 2399 3024 2480 ἔργον
3072 2396 3131 2461 δ’

676 2487 742 2550 ἐν
788 2488 1009 2569 κύβοις
1040 2488 1236 2570 Ἄρης
1281 2494 1490 2568 κρινεῖ.
1542 2490 1784 2571 Ag.31.
1832 2489 1980 2552 Eur.
2017 2488 2250 2551 Phoen.
2291 2489 2476 2551 1326.
2524 2493 2728 2568 κρινεῖ
2767 2485 2837 2551 τὸ
2881 2487 3130 2568 μέλλον.

675 2577 865 2641 Arist.
894 2575 1076 2662 Vesp.
1102 2578 1246 2639 763.
1277 2583 1461 2640 τοῦτο
1495 2578 1564 2641 δὲ
1605 2577 1614 2660 Ι
1643 2578 1860 2660 Ἅιδης
1893 2579 2199 2660 διακρινεῖ
2236 2579 2546 2660 πρότερον
2595 2580 2631 2660 ἢ
2669 2576 2784 2660 ’γὼ
2815 2577 3129 2659 πείσομαι.

855 2668 998 2731 330.
1047 2666 1227 2737 ἐκτὸς
1273 2668 1554 2752 ἐλπίδος]
1604 2668 1693 2733 Cf.
1730 2671 1875 2732 392.
1925 2669 2057 2732 ἀλλ’
2098 2670 2136 2751 ἡ
2173 2668 2294 2750 γὰρ
2328 2668 2508 2738 ἐκτὸς
2538 2668 2646 2731 καὶ
2675 2667 2829 2749 παρ’
2876 2667 3131 2737 ἐλπίδας

674 2757 860 2839 χαρά.

855 2865 980 2927 332
1015 2884 1106 2945 sq.
1153 2864 1353 2928 πολλὰ
1410 2865 1482 2928 τὰ
1543 2865 1712 2929 δεινὰ
1764 2865 1881 2950 —-]
1960 2864 2117 2929 Cum
2182 2865 2302 2928 hoo
2365 2865 2505 2944 loco
2571 2865 2649 2928 cf.
2699 2864 2925 2928 Aesch.
2975 2863 3127 2927 Cho.

676 2954 821 3015 585.
869 2953 1070 3016 πολλὰ
1133 2954 1253 3036 μὲν
1316 2959 1399 3036 γᾶ
1462 2956 1671 3037 τρέφει
1740 2955 1908 3018 δεινὰ
1977 2955 2291 3036 δειμάτων
2346 2955 2469 3036 ἄχη
2528 2954 2785 3036 (γένηῖ)
2836 2991 2916 2999 —
2932 2953 3128 3032 ,’ἀλλ

672 3043 1070 3125 ὑπέρτολμον
1116 3043 1352 3124 ἀνδρὸς
1398 3045 1701 3127 φρόνημα
1749 3047 1837 3114 τίς
1881 3045 2049 3126 λέγοι
2094 3046 2179 3124 (Ρ)
2229 3081 2309 3090 -

855 3133 1240 3196 332-353.
1309 3132 1396 3196 Cf.
1446 3134 1593 3197 Eur.
1643 3134 1741 3198 Fr.
1793 3136 1893 3196 27.
1959 3133 1997 3216 ἦ
2063 3132 2272 3216 βραχὺ
2338 3133 2570 3203 σθένος
2643 3132 2895 3214 ἀνέρος
2972 3131 3126 3195 ἀλλὰ

671 3221 947 3304 ποικιλίᾳ
1009 3223 1349 3303 πραπίδων
1415 3223 1585 3286 δεινὰ
1649 3223 1770 3306 μὲν
1832 3224 2002 3305 φῦλα
2056 3224 2293 3286 πόντου
2349 3223 2634 3304 χθονίων
2686 3221 2738 3284 τ’
2788 3222 3021 3304 ἀερίων
3066 3246 3130 3285 τε

673 3311 981 3393 δάμναται
1026 3312 1437 3394 παιδεύματα.

853 3421 999 3483 334.
1045 3419 1271 3484 πολιοῦ
1306 3457 1387 3464 —
1421 3420 1689 3504 πόντου]
1740 3418 1824 3483 Cf.
1851 3420 2013 3483 Phil.
2041 3422 2228 3482 1123.
2263 3422 2380 3482 AV.
2405 3420 2550 3482 350.
2582 3417 2804 3482 πολιὸν
2836 3419 3127 3500 πέλαγος.

759 3510 961 3591 πέραν
1005 3509 1274 3593 πόντου]
1343 3510 1430 3574 Cf.
1480 3509 1630 3573 Eur.
1680 3510 1869 3593 Hipp.
1925 3511 2108 3573 1053.
2174 3511 2375 3590 πέραν
2438 3508 2675 3571 πόντου
2740 3507 2848 3571 καὶ
2910 3508 3130 3572 τόπων

662 3597 1075 3662 Ἀτλαντικῶν
1121 3600 1338 3680 (ἐξελῶ
1385 3603 1489 3676 σε).
1539 3598 1726 3662 Hom.
1774 3600 1846 3663 Il.
1898 3601 1956 3676 2,
1992 3601 2136 3662 535.
2183 3598 2483 3679 Λοκρῶν,
2533 3600 2601 3661 οἳ
2638 3599 2881 3661 ναίουσι
2926 3599 3130 3681 πέρην

670 3689 842 3770 ἱερῆς
872 3688 1172 3771 Εὐβοίης.
1221 3688 1454 3752 Herod.
1479 3688 1711 3752 V1.44.
1762 3690 1833 3751 ἐκ
1874 3687 2092 3752 Θάσου
2128 3688 2527 3770 διαβαλόντες
2558 3689 2775 3770 πέρην.
2823 3686 3001 3750 VIII.
3026 3689 3127 3751 36.

669 3779 871 3860 πέρην
935 3779 999 3848 ἐς
1043 3779 1155 3860 τὴν
1209 3778 1467 3861 Ἀχαΐην
1515 3778 1888 3860 διέπεμψαν.
1945 3777 2197 3841 Theocr.
2248 3779 2349 3860 25,
2403 3777 2499 3839 19.
2546 3779 2749 3860 πέρην
2793 3783 3126 3858 ποταμοῖο.

672 3865 894 3948 Πέραν
942 3868 1108 3931 valet
1154 3874 1390 3948 tranS,
1435 3869 1599 3949 πέρα
1647 3868 1862 3931 ultra.

851 3976 995 4038 335.
1042 3976 1340 4057 χειμερίῳ
1404 3973 1602 4058 νότῳ]
1670 3975 1757 4039 Cf.
1817 3976 1915 4056 Aj.
1975 3975 2119 4036 258.
2196 3972 2346 4046 ὀξὺς
2409 3973 2589 4042 νότος
2652 3972 2760 4043 ὥς.
2832 3971 2929 4036 Tr.
2982 3974 3126 4036 113.

670 4063 1036 4145 ἀκάμαντος
1082 4067 1121 4147 ἢ
1169 4064 1355 4128 νότου
1403 4067 1441 4147 ἢ
1490 4065 1705 4146 βορέα.
1754 4065 1865 4128 Ph.
1922 4065 2105 4127 1457.
2153 4064 2446 4146 πληγαῖσι
2493 4063 2697 4126 νότου.

850 4154 995 4216 339.
1043 4153 1400 4236 ἀκαμάταν]
1466 4153 1571 4217 Sic
1616 4154 1845 4216 Aesch.
1897 4153 2045 4217 Cho.
2096 4153 2241 4215 619.
2308 4153 2632 4221 ἀθανάτας
2684 4152 2908 4234 τριχός.
2974 4153 3126 4216 Eur.

669 4241 906 4305 Phoen.
957 4243 1102 4305 237.
1151 4243 1475 4313 ἀθανάτας
1520 4244 1698 4307 θεοῦ.
1757 4245 1948 4306 Arist.
1994 4242 2237 4306 Thesm.
2292 4242 2476 4305 1052.
2526 4242 2853 4304 ἀθανάταν
2899 4241 3126 4323 φλόγα.

668 4331 729 4394 N
735 4330 834 4394 ub.
884 4332 1029 4394 289.
1095 4332 1419 4402 ἀθανάτας
1481 4332 1668 4403 ἰδέας.
1768 4332 1984 4395 Prima
2057 4332 2427 4414 producitur
2499 4337 2572 4394 ut
2643 4332 2711 4393 in
2784 4331 3126 4403 ἀθάνατος,

669 4420 1032 4503 ἀπάλαμος,
1097 4421 1555 4503 ἀπαράμυθος,
1605 4427 1718 4485 etc,
1858 4419 2308 4506 ῥάποτρύεται]
2375 4421 2423 4484 I.
2457 4441 2508 4485 e.
2558 4420 2858 4502 defatigat
2922 4438 2991 4483 se
3056 4423 3126 4484 in

668 4515 835 4573 terra
899 4511 1232 4585 vertenda,
1301 4517 1371 4575 ut
1416 4531 1565 4575 cum
1611 4511 1692 4574 H.
1742 4509 2061 4594 Stephano
2109 4512 2385 4594 explicat
2429 4509 2617 4574 Dind.
2698 4509 2903 4574 Schol.
2963 4534 3124 4592 γεω-
