3463 5287
1341 451 1592 497 omm’us
1637 451 1942 497 comus-ns
2737 433 2867 497 235

414 613 614 676 Andr.
670 614 855 676 1038.
921 611 1199 694 ἀχόρους
1254 612 1562 698 στοναχάς
1609 613 1946 695 μέλποντο.
1993 612 2131 675 Tro.
2187 613 2327 675 121.
2385 613 2536 683 ἄτας
2582 611 2868 677 κελαδεῖν

415 702 815 785 ἀχορεύτους.
875 700 1012 764 Hel.
1067 703 1207 765 185.
1263 702 1500 786 ἄλυρον
1545 703 1775 785 ἔλεγον.
1826 701 1961 786 Iph.
2007 702 2070 764 T.
2126 702 2266 763 145.
2315 701 2571 784 ἀλύροις
2616 702 2866 784 ἐλέγοις.

416 791 654 856 Phoen.
708 792 893 854 1028.
941 790 1178 872 ἄλυρον
1222 798 1490 872 μοῦσαν.
1538 792 1726 856 Herc.
1776 793 1922 854 881.
1972 791 2156 855 Alex.
2190 791 2303 854 III.
2337 792 2483 854 456.
2530 791 2867 875 φθόγγους

417 879 475 945 δ’
522 880 798 963 ἀλύρους
838 881 847 961 Ι
886 880 1273 962 θρηνοῦμεν.

601 971 786 1033 1223.
835 970 1111 1040 θάνατος
1175 970 1240 1040 ἒς
1301 970 1609 1055 τελευτάν]
1676 972 1763 1035 Of.
1814 970 1963 1033 Eur.
2014 970 2109 1033 Fr.
2161 970 2317 1046 908,
2366 969 2421 1031 6.
2487 970 2653 1053 πλὴν
2718 969 2868 1033 ὅταν

416 1060 573 1142 ἔλθῃ
638 1059 879 1141 κρυερὰ
936 1058 1178 1143 ,Διόθεν
1228 1058 1236 1141 Ι
1284 1061 1570 1125 θανάτου
1633 1059 2000 1143 πεμφθεῖσα
2075 1059 2337 1142 τελευτή.
2432 1059 2528 1123 De
2589 1059 2868 1123 nominis

416 1149 695 1219 θάνατος
741 1148 1156 1229 collocatione
1201 1150 1278 1214 cf.
1317 1148 1623 1233 Ὀρέσταν
1667 1151 1738 1213 in
1787 1148 1878 1212 El.
1933 1148 2076 1211 163.

602 1238 769 1301 1224
796 1257 886 1321 sq.
936 1237 1027 1301 Cf.
1061 1239 1208 1302 Ant.
1244 1242 1388 1302 721.
1427 1241 1649 1304 Aesch.
1684 1238 1781 1303 Fr.
1818 1239 1962 1301 395.
2010 1236 2080 1302 τὸ
2125 1237 2216 1322 μὴ
2267 1239 2558 1320 γενέσθαι
2605 1238 2661 1301 δ’
2708 1237 2869 1302 ἐστὶν

417 1330 457 1410 ἢ
504 1328 854 1409 πεφυκέναι
895 1334 904 1410 Ι
953 1333 1245 1409 κρεῖσσον
1299 1334 1521 1400 κακῶς
1575 1330 1990 1411 πράσσοντας.
2047 1326 2196 1390 Eur.
2247 1326 2340 1390 Fr.
2390 1329 2546 1410 285,
2594 1329 2650 1390 2.
2708 1328 2865 1409 κρά·

416 1440 617 1480 τιστον
681 1415 832 1480 εἶναι
879 1417 1047 1498 φημὶ
1108 1417 1199 1499 μὴ
1248 1424 1443 1500 φῦναι
1505 1420 1739 1501 βροτῷ.
1804 1418 1904 1482 Fr.
1952 1419 2101 1495 452,
2154 1417 2206 1478 1.
2273 1417 2466 1500 ἐχρῆν
2522 1416 2643 1499 γὰρ
2699 1417 2869 1499 ἡμᾶς

418 1506 724 1587 σύλλογον
786 1506 1213 1588 ποιουμένους
1254 1508 1262 1589 Ι
1302 1507 1409 1571 τὸν
1472 1509 1675 1590 φύντα
1741 1508 2001 1589 θρηνεῖν
2065 1508 2151 1576 εἷς
2197 1506 2294 1570 ὅσ’
2342 1508 2585 1589 ἔρχεται
2630 1505 2820 1579 κακὰ,
2858 1503 2865 1591 Ι

417 1595 526 1659 τὸν
572 1595 630 1658 δ’
677 1593 759 1658 αὖ
805 1595 1084 1659 θανόντα
1133 1596 1239 1660 καὶ
1283 1597 1506 1661 πόνων
1543 1597 1953 1678 πεπαυμένον
1993 1594 2002 1676 Ι
2043 1597 2378 1678 χαίροντας
2423 1597 2871 1679 εὐφημοῦντας

418 1684 759 1766 ἐκπέμπειν
825 1684 1064 1767 δόμων.
1131 1685 1229 1749 Fr.
1280 1687 1425 1759 908,
1479 1690 1529 1749 1.
1593 1687 1664 1751 τὸ
1726 1686 1818 1769 μὴ
1888 1686 2177 1767 γενέσθαι
2232 1690 2523 1766 κρεῖσσον
2578 1687 2618 1767 ἢ
2674 1690 2869 1768 φῦναι

416 1776 668 1856 βροτοῖς
714 1773 1014 1857 (βροτοὺς
1061 1775 1176 1851 al).
1244 1775 1607 1857 Bacchylid.
1665 1776 1761 1839 Fr.
1821 1777 1878 1837 2.
1941 1775 2222 1838 θνατοῖσι
2284 1774 2375 1858 μὴ
2432 1780 2625 1857 φῦναι
2690 1774 2867 1856 φέρι-

419 1887 565 1926 στον
606 1865 613 1943 Ι
652 1863 808 1946 μηδ’
855 1864 1064 1927 ἀελίου
1110 1864 1431 1947 προσιδεῖν
1476 1866 1668 1948 φάος·
1709 1864 1720 1944 Ι
1762 1865 1977 1947 ὄλβιος
2023 1864 2080 1927 δ’
2127 1863 2334 1934 οὐδεὶς
2377 1864 2631 1947 βροτῶν
2666 1864 2869 1926 πάντα

417 1953 667 2035 χρόνον.
717 1951 946 2016 Herod.
995 1952 1043 2015 Ι.
1079 1955 1179 2016 31.
1230 1953 1304 2016 V.
1340 1957 1397 2016 4.
1447 1953 1620 2016 VIII.
1667 1955 1807 2017 138.
1855 1952 2095 2018 Eccles.
2144 1952 2251 2016 IV.
2302 1955 2359 2015 2.
2404 1952 2683 2035 Theogn.
2720 1954 2868 2015 423.

417 2040 498 2124 ἦν
543 2042 668 2123 ἄρα
714 2043 917 2105 τοῖνδε
982 2042 1161 2106 δυοῖν
1224 2043 1366 2113 ἑνὸς
1429 2045 1686 2125 αἵρεσις,
1753 2046 1792 2125 ἢ
1840 2043 1910 2106 τὸ
1957 2042 2248 2124 γενέσθαι
2290 2041 2298 2123 Ι
2337 2042 2664 2124 μηδέποτ’,
2712 2044 2752 2124 ἢ
2799 2041 2869 2106 τὸ

417 2132 638 2195 θανεῖν
668 2132 887 2195 αὐτίκα
919 2132 1296 2214 τικτόμενον.
1335 2129 1342 2218 Ι
1379 2132 1583 2216 ἀρχὴν
1610 2132 1730 2215 μὲν
1760 2132 1851 2215 μὴ
1886 2137 2077 2213 φῦναι
2110 2132 2559 2214 ἐπιχθονίοισιν
2582 2128 2865 2216 ἅριστονΙ

417 2219 572 2303 μηδ’
619 2220 842 2284 ἐσιδεῖν
887 2220 1088 2303 αὐγὰς
1119 2222 1300 2295 ὀξέος
1346 2223 1573 2305 ἠελίου.
1666 2221 1872 2304 ἀρχὴν
1914 2221 2034 2303 μὲν
2069 2220 2161 2303 μὴ
2195 2226 2391 2303 φῦναι
2422 2221 2871 2303 ἐπιχθονίοισιν

418 2310 689 2392 ἄριστον,
731 2311 739 2389 Ι
778 2311 936 2393 μηδ’
981 2310 1207 2375 ἐσιδεῖν
1252 2311 1453 2394 αὐγὰς
1498 2312 1680 2386 ὀξέος
1726 2312 1962 2394 ἠελίου·
2005 2310 2015 2393 Ι
2055 2310 2258 2393 φύντα
2309 2309 2367 2374 δ’
2407 2310 2590 2380 ὅπως
2634 2311 2869 2374 ὤκιστα

417 2400 621 2470 πύλας
658 2398 874 2463 Ἀΐδαο
904 2407 1172 2484 περῆσαι
1214 2400 1224 2483 Ι
1264 2402 1371 2465 καὶ
1401 2403 1649 2465 κεῖσθαι
1679 2400 1922 2484 πολλὴν
1953 2407 2073 2483 γῆν
2103 2400 2599 2483 ἕπαμησάμενον
2644 2400 2868 2478 (ἐπιεσ-

420 2490 785 2572 σάμενονΡ).
857 2489 1034 2553 Alex.
1081 2489 1195 2554 III.
1245 2491 1391 2554 447.
1458 2491 1698 2554 οὐκοῦν
1753 2491 1822 2555 τὸ
1868 2490 2123 2561 πολλοῖς
2172 2495 2301 2553 τῶν
2346 2494 2574 2572 σοφῶν
2620 2490 2868 2572 εἰρημέ-

419 2602 547 2653 νον,
589 2580 599 2662 Ι
638 2579 708 2642 τὸ
752 2578 843 2662 μὴ
894 2580 1184 2662 γενέσθαι
1227 2578 1347 2664 μὲν
1392 2580 1719 2663 κράτιστόν
1766 2579 1886 2643 ἐστ’
1934 2579 2054 2662 ἀεὶ,
2097 2579 2107 2659 Ι
2156 2578 2315 2643 ἐπὰν
2361 2580 2606 2663 γένηται
2656 2577 2732 2653 δ’,
2779 2579 2873 2650 ὡς

418 2667 648 2751 τάχιστ’
695 2671 857 2751 ἔχειν
895 2670 1082 2741 τέλος.
1133 2672 1323 2735 Arist.
1356 2691 1451 2754 ap.
1485 2670 1649 2734 Plut.
1684 2670 1933 2734 Consol.
1981 2672 2019 2752 ξ
2052 2673 2153 2733 27.
2202 2669 2398 2734 Cicer.
2418 2669 2597 2732 TuSO.
2620 2667 2871 2745 Quaest.

429 2760 491 2840 1,
547 2760 649 2821 48.
718 2759 1038 2823 ‘docuisse
1102 2779 1312 2843 regem
1380 2764 1486 2841 (sc.
1545 2759 1832 2825 Silenum
1891 2758 2154 2837 Midam)
2217 2779 2345 2823 non
2405 2759 2580 2823 nasci
2628 2758 2871 2821 homini

420 2848 608 2931 longe
658 2849 963 2931 optimum
1012 2868 1174 2931 esse,
1221 2850 1584 2933 proximum
1633 2855 1845 2913 autem
1895 2868 2086 2931 quam
2136 2849 2410 2932 primum
2458 2847 2658 2911 mori.'

607 2938 791 2999 1225.
839 2937 971 3001 ἐπεὶ
1016 2938 1222 3022 φανῇ]
1274 2939 1366 3003 Cf.
1415 2939 1493 3001 ad
1548 2940 1734 3001 1443.
1782 2940 1847 3001 εἴ
1879 2962 1996 3001 σου
2044 2939 2355 3020 στερηθῶ.

605 3027 790 3089 1226.
837 3028 1026 3109 βῆναι
1056 3028 1270 3091 κεῖθεν
1301 3028 1458 3091 ὅθεν
1487 3052 1608 3110 περ
1640 3027 1813 3112 ἥκει]
1852 3025 2017 3110 Lege
2047 3029 2235 3110 βῆναι
2270 3027 2548 3090 ’ντεῦθεν
2579 3027 2735 3090 ὅθεν
2760 3065 2868 3090 --.

421 3115 508 3179 Of.
554 3115 745 3179 Thuc.
794 3116 934 3179 VII.
976 3117 1078 3179 27.
1128 3116 1486 3180 διενοοῦντο
1532 3116 1761 3187 αὐτοὺς
1806 3117 1991 3179 πάλιν
2037 3117 2194 3180 ὅθεν
2239 3115 2443 3199 ἦλθον
2488 3118 2552 3186 ἔς
2606 3114 2873 3198 Θρᾴκην

420 3205 834 3287 ἀποπέμπειν.
883 3208 1073 3269 Arist„
1092 3206 1202 3268 Th.
1227 3207 1371 3270 710.
1419 3206 1551 3269 ἀλλ’
1585 3204 1701 3270 οὖν
1738 3208 1911 3289 ἥκεις
1958 3206 2113 3270 ὅθεν
2144 3206 2317 3288 ἥκεις
2347 3205 2471 3269 κτλ.
2518 3206 2689 3269 Eecl.
2725 3206 2870 3268 620.

419 3294 567 3376 πρὶν
613 3295 798 3358 έκεῖσ’
846 3294 914 3359 οἵ
950 3295 1079 3378 φὴς
1124 3295 1484 3377 ἀφικέσθαι.

605 3384 789 3447 1228.
837 3384 1001 3448 πολὺ
1051 3384 1365 3470 δεύτερον]
1414 3385 1487 3448 Is
1534 3385 1628 3467 by
1677 3386 1790 3448 far
1836 3385 1958 3449 the
2008 3390 2193 3449 next
2237 3383 2683 3468 best-thing.

605 3474 792 3537 1229.
838 3473 908 3537 τὸ
955 3474 1122 3559 νέον]
1171 3474 1275 3538 Sic
1319 3475 1391 3539 τὸ
1438 3476 1663 3549 νεάζον
1707 3473 1806 3536 Tr.
1861 3474 2002 3537 144.

605 3563 791 3625 1230.
838 3563 1091 3645 κούφας
1138 3564 1541 3648 ἀφροσύνας]
1610 3564 1699 3629 Cf.
1751 3566 1897 3627 Ant„
1948 3564 2094 3626 617.
2151 3563 2540 3645 κουφονόων
2595 3563 2871 3645 ἐρώτων.

421 3649 724 3716 Simonid.
758 3652 856 3715 Fr.
894 3654 1036 3715 104.
1082 3654 1341 3736 θνητῶν
1380 3653 1438 3717 δ’
1470 3656 1644 3737 ὄφρα
1693 3677 1780 3723 τις
1825 3653 2027 3723 ἄνθος
2073 3653 2185 3735 ἔχῃ
2217 3654 2618 3736 πολυήρατον
2663 3654 2826 3736 ἥβης
2862 3650 2869 3738 Ι

420 3746 673 3823 κοῦφον
717 3742 887 3823 ἔχων
931 3741 1148 3823 θυμὸν
1193 3742 1372 3806 πόλλ’
1418 3744 1702 3807 ἀτέλεστα
1752 3748 1895 3806 νοεῖ.

607 3830 793 3894 1231.
840 3831 1138 3914 πλάγχθη
1212 3831 1664 3916 πολύμοχθος]
1734 3831 1822 3894 Of.
1881 3829 2029 3894 Eur.
2089 3829 2274 3895 Herc.
2339 3832 2525 3895 1197.
2600 3832 2721 3895 οὐκ
2794 3834 2874 3895 ἂν

421 3918 580 3990 ἴδοις
643 3919 856 4001 ἕτερον
918 3921 1485 4004 πολυμοχθότερον
1548 3920 2178 4002 πολυπλαγκτότερόν
2241 3945 2303 3984 τε
2357 3922 2631 3985 θνατῶν.
2710 3922 2870 3986 Cum

422 4010 549 4082 ἔξω
595 4009 818 4093 supple
864 4010 992 4073 ἔστί
1032 4011 1092 4090 (ἱ.
1142 4031 1199 4091 q.
1247 4012 1368 4074 οὐκ
1415 4013 1541 4090 ἔνι).
1620 4010 1744 4075 Sed
1792 4009 2238 4093 corrigendum
2288 4012 2576 4094 suspicor
2618 4010 2874 4093 μόχθος

420 4098 918 4180 πολύπλαγκτος.
1054 4100 1387 4185 πλάγχθη]
1458 4103 1517 4164 Α
1562 4101 1898 4181 πλάζομαι.
1979 4099 2066 4162 Cf.
2118 4101 2214 4181 Aj.
2265 4100 2410 4162 886.
2475 4100 2875 4181 πλαζόμενον

421 4187 985 4268 (oberrantem).

606 4278 792 4340 1235.
839 4278 1310 4361 κατάμεμπτον]
1360 4280 1448 4344 Cf.
1489 4280 1672 4342 1696.
1756 4278 1986 4341 Confer
2016 4279 2445 4361 κατάμομφος
2493 4278 2719 4343 Aesch.
2755 4280 2870 4361 Ag.

428 4367 569 4429 145.
618 4367 985 4450 έπίμομφος
1032 4371 1149 4450 Ag.
1200 4369 1345 4431 553.

606 4457 792 4519 1236.
839 4456 1155 4540 πύματον]
1205 4458 1294 4522 Of.
1324 4457 1509 4520 Hom.
1532 4457 1611 4520 H.
1636 4456 1822 4522 Mero.
1847 4459 1992 4521 289.
2041 4457 2332 4539 πύματόν
2361 4482 2425 4521 τε
2456 4457 2562 4520 καὶ
2596 4458 2873 4520 ὕστατον.

511 4545 810 4630 ἀκρατὲς]
880 4545 1331 4630 Powerless,
1398 4547 1745 4630 helpless.
1825 4546 1870 4610 Ι.
1907 4568 1965 4632 q.
2012 4547 2275 4618 ἀσθενὲς
2323 4553 2385 4610 et
2430 4547 2656 4629 ἀμενὲς
2702 4547 2874 4626 (Eur.
