3463 5287
623 417 750 480 166
1543 435 1792 481 campus
1838 434 2147 481 coronans

1335 718 1757 785 OEDIPUS
1834 717 2353 784 COLONEUS.

801 918 858 979 3.
903 915 1246 1000 πλανήτην]
1295 916 1343 979 Ι.
1391 937 1448 1000 q.
1494 916 1777 1000 πλάνητα
1843 915 1936 996 (Ο.
1970 915 2041 979 R.
2097 917 2280 980 1209.
2346 915 2479 999 Iph.
2526 916 2590 979 Τ.
2640 917 2786 979 417.
2845 915 3080 1000 Adesp.

625 1008 768 1071 100.
815 1007 1052 1071 πόντου
1098 1007 1442 1089 πλάνητες).
1521 1006 1608 1069 Cf.
1662 1008 1805 1069 123.
1852 1005 2028 1089 Trag.
2077 1007 2285 1089 adesp.
2329 1008 2478 1086 284,
2512 1008 2569 1067 2.
2616 1004 2872 1088 πτωχὸς
2915 1006 3078 1069 πλα-

620 1097 1089 1249 νήτηςῂβὲονΒ
1105 1096 1502 1247 ἔχωνὸἕείὐξ
1550 1096 1814 1178 ἡμέραν.
1880 1094 2031 1158 Eur.
2081 1094 2229 1158 Her.
2280 1096 2426 1158 878.
2483 1095 2804 1178 πλανήτην
2850 1095 3080 1158 ἄθλιον

665 1210 776 1249 ιον.
906 1207 942 1249 a
1091 1204 1159 1248 es
1205 1234 1217 1246 .
1493 1233 1505 1245 .

620 1187 664 1269 β
802 1277 859 1338 5.
904 1280 1085 1357 μεῖον
1128 1205 1438 1358 φΡέροντα]
1506 1271 1594 1336 Cf.
1645 1272 1715 1336 Ο.
1748 1273 1819 1337 R.
1871 1274 2015 1337 590.
2063 1274 2259 1336 ,πάντ’
2326 1275 2397 1337 ἐκ
2462 1279 2579 1337 σοῦ
2627 1274 2827 1356 φέρω.
2886 1274 3081 1337 Arist.

624 1365 778 1428 Aah.
829 1364 930 1426 66.
976 1363 1215 1446 μισθὸν
1261 1364 1572 1446 φέροντας
1620 1363 1738 1426 δύο
1787 1363 2080 1446 δραχμὰς
2124 1370 2233 1446 τῆς
2280 1364 2537 1446 ἡμέρας.

802 1453 859 1515 6.
906 1454 1015 1532 καὶ
1059 1453 1189 1516 τόδ’
1238 1448 1549 1533 ἐξαρκοῦν
1596 1452 1770 1536 ἐμοί]
1838 1452 2257 1516 Sufficiant
2323 1471 2509 1516 even
2578 1453 2731 1515 this
2785 1452 2901 1517 for
2949 1472 3082 1517 me.

625 1540 712 1606 Of.
757 1541 856 1605 Tr.
910 1542 1097 1604 1216.
1145 1541 1277 1605 ἀλλ’
1325 1542 1575 1623 ἀρκέσει
1620 1541 1728 1605 καὶ
1773 1547 1980 1605 ταῦτα.

805 1634 860 1694 7.
908 1630 1204 1715 στέργειν]
1251 1630 1624 1696 Tolerarc.
1701 1630 1797 1693 Gl.
1848 1634 1922 1695 A.
1971 1632 2322 1714 ὑπομένειν.
2389 1631 2598 1695 Αἷνεῖν
2644 1632 2837 1695 simili
2887 1651 3086 1695 sensu

624 1726 968 1804 usurpatur
1024 1720 1249 1785 Aesch.
1308 1719 1478 1784 Pers.
1530 1722 1674 1783 648.
1741 1720 1890 1784 Eur.
1940 1722 2076 1784 Alc.
2134 1723 2181 1782 l.
2261 1721 2349 1784 Cf.
2401 1722 2544 1783 519.
2595 1720 2705 1785 Ph.
2758 1722 2902 1783 538.
2951 1721 3083 1802 ἐγὼ

626 1810 684 1873 δ’
732 1810 978 1892 ἀνάγκῃ
1043 1810 1437 1892 προύμαθον
1490 1810 1762 1891 στέργειν
1817 1810 2006 1872 κακά.
2059 1810 2155 1873 Fr.
2206 1812 2350 1873 861.
2409 1812 2680 1891 στέργειν
2729 1811 2798 1873 δὲ
2843 1811 3080 1891 τάμπε-

625 1899 813 1964 σόντα
860 1937 943 1945 --
992 1900 1229 1981 πρέπει.
1290 1898 1439 1962 Eur.
1486 1898 1584 1960 Fr.
1639 1900 1835 1981 1076,
1883 1901 1940 1963 2.
1995 1899 2085 1981 μὴ
2142 1900 2473 1981 βιάζεσθαι
2531 1899 2751 1971 θεοὺς,
2809 1901 3083 1981 στέργειν

627 1988 696 2053 δὲ
758 1995 1009 2071 μοῖραν.
1064 1989 1161 2051 Tr.
1212 1989 1358 2051 992.
1425 1989 1502 2051 οὗ
1559 1987 1680 2070 γὰρ
1746 1990 1877 2070 ἔχω
1941 1994 2083 2057 πῶς
2146 1991 2224 2051 ἂν
2289 1991 2606 2070 στέρξαιμι
2669 1988 2875 2052 κακὸν
2937 1990 3084 2052 τόδε

623 2077 921 2142 λεύσσων.
988 2078 1216 2142 Aescb.
1264 2077 1364 2140 Pr.
1419 2078 1516 2140 10.
1582 2081 1698 2160 Ag.
1757 2078 1941 2140 1569.
2007 2076 2155 2140 Eur.
2217 2078 2448 2141 Phoen.
2506 2079 2689 2141 1699.
2753 2079 2896 2161 τᾶμ’
2952 2078 3082 2159 ἐγὼ

626 2169 865 2249 στέρξω
912 2168 1099 2230 κακά.
1167 2166 1270 2230 Or.
1323 2167 1510 2229 1032.
1577 2167 1654 2229 οὐ
1723 2204 1787 2211 —
1835 2168 2104 2248 στέρξεις
2148 2166 2220 2229 τὰ
2269 2167 2635 2248 κρανθέντ’,·
2700 2167 2884 2251 Hipp.
2933 2169 3082 2230 458.

628 2257 953 2339 στέργουσι
1000 2294 1081 2302 -
1133 2259 1439 2338 ξυμφορᾷ
1504 2257 1859 2338 νικώμενοι.
1932 2258 2078 2318 461.
2145 2257 2202 2319 εἰ
2258 2257 2348 2338 μὴ
2416 2256 2643 2320 τούσδε
2699 2280 2767 2339 γε
2812 2257 3082 2339 στέρξεις

626 2346 882 2428 νόμους.
1028 2347 1094 2408 αῖ
1138 2344 1374 2428 πάθοι]
1424 2345 1513 2408 Cf.
1565 2348 1659 2427 Aj.
1710 2347 1855 2407 295.
1908 2347 2052 2408 Ant.
2105 2347 2247 2407 978.
2385 2346 2617 2428 χρόνος
2668 2383 2747 2392 --
2794 2345 3081 2429 μακρὸς]

628 2435 716 2499 Cf.
767 2435 837 2499 Ο.
868 2435 941 2499 R.
996 2436 1181 2498 1112.
1229 2434 1378 2497 Eur.
1428 2435 1562 2497 Alc.
1613 2435 1759 2496 670.
1809 2441 2007 2516 γῆρας
2052 2436 2352 2516 ψέγοντες
2398 2435 2503 2497 καὶ
2548 2434 2803 2517 μακρὸν
2849 2436 3084 2517 χρόνον

624 2525 785 2608 βίου.
928 2524 1159 2607 χρόνος
1206 2523 1440 2607 ξυνὼν]
1491 2522 1577 2585 Of.
1614 2522 1683 2586 O.
1716 2524 1790 2586 R.
1831 2526 2016 2586 1082.
2065 2525 2126 2585 οἱ
2157 2524 2226 2586 δὲ
2259 2530 2571 2605 συγγενεῖς
2601 2531 2812 2607 μῆνες.
2853 2526 3082 2588 Aesch.

629 2616 745 2698 Ag.
799 2615 940 2679 107.
990 2615 1319 2697 σύμφυτος
1365 2614 1540 2678 αἰών.
1592 2613 1738 2676 894.
1786 2619 1896 2677 τοῦ
1946 2613 2357 2687 ξυνεύδοντος
2403 2614 2658 2696 χρόνου.
2717 2614 2899 2677 Eum.
2934 2615 3082 2677 277.

626 2703 857 2787 χρόνος
903 2705 1197 2785 καθαίρει
1242 2703 1443 2766 πάντα
1501 2704 1847 2785 γηράσκων
1894 2704 2078 2786 ὁμοῦ.
2137 2703 2285 2766 Eur.
2334 2703 2547 2786 Suppl.
2601 2705 2788 2766 1118.
2843 2704 3084 2767 πολλοῦ

629 2793 698 2856 δὲ
744 2794 983 2876 χρόνου
1031 2795 1241 2866 ζώσας
1285 2795 1442 2874 μέτα
1491 2793 1569 2875 δή
1618 2795 1910 2874 (γραίας).

808 2902 864 2962 8.
912 2899 982 2962 τὸ
1030 2899 1335 2983 γενναῖον]
1387 2898 1472 2962 Of.
1524 2900 1668 2962 569.
1724 2901 1908 2962 1042.
1965 2900 2150 2963 1640.
2201 2899 2347 2961 Eur.
2383 2899 2572 2983 Hipp.
2608 2900 2753 2962 206.
2803 2901 2965 2982 ῥᾷον
3014 2901 3080 2963 δὲ

628 2988 820 3052 νόσον
873 2990 1029 3071 μετά
1085 2989 1152 3051 θ’
1200 2990 1466 3071 ἡσυχίας
1507 2989 1514 3070 Ι
1556 2991 1662 3051 καὶ
1720 2990 2007 3071 γενναίου
2054 2990 2331 3072 λήματος
2379 2991 2580 3058 οἴσεις.
2717 2989 2942 3072 τρίτον]
2994 2990 3082 3052 Cf.

631 3079 728 3161 Aj.
758 3079 941 3140 1174.
992 3078 1142 3140 Eur.
1163 3077 1352 3161 Hipp.
1379 3080 1565 3141 1404.
1612 3079 1852 3159 πατέρα
1899 3103 1960 3141 τε
1992 3079 2098 3141 καὶ
2146 3078 2214 3142 σὲ
2245 3079 2353 3141 καὶ
2385 3080 2588 3160 τρίτην
2621 3080 2952 3159 ξυνάορον.

811 3168 865 3229 9.
915 3166 1215 3250 θάκησιν]
1265 3166 1351 3230 Cf.
1401 3166 1560 3231 Phil.
1618 3170 1712 3230 18.
1763 3168 2120 3279 ἕνθάκησιν.

813 3257 910 3319 10.
960 3256 1047 3320 Cf.
1096 3256 1192 3318 Fr.
1247 3257 1389 3336 109,
1438 3258 1495 3317 6.
1553 3256 1755 3327 δεινὸς
1811 3258 1931 3339 γάρ
1988 3259 2197 3338 ἕρπειν
2242 3257 2513 3327 πλοῦτος
2571 3259 2633 3326 ἔς
2679 3281 2742 3319 τε
2789 3258 3021 3339 τᾶβατα
3074 3255 3082 3344 Ι

629 3346 737 3409 καὶ
789 3345 954 3429 πρὸς
1006 3346 1262 3429 βέβηλα.
1408 3345 1572 3427 πρὸς
1616 3346 1941 3430 βεβήλοις]
2010 3347 2100 3410 Cf.
2150 3348 2339 3409 A1ist.
2389 3346 2557 3409 Eccl.
2607 3349 2663 3408 2.
2730 3347 2796 3409 ἐν
2860 3347 3084 3409 ευσκό-

628 3459 850 3499 ποισιν.
900 3436 1045 3498 627.
1093 3435 1193 3498 ἐπὶ
1236 3441 1429 3498 τοῖσιν
1476 3436 1881 3517 (δημοσίοισιν.

813 3527 910 3588 12.
957 3525 1308 3606 μανθάνειν
1340 3562 1423 3571 -—
1456 3524 1723 3608 ἥκομεν]
1776 3523 1860 3588 Cf.
1894 3527 2043 3587 Ant.
2078 3526 2178 3587 64.
2227 3526 2454 3589 Aesch.
2497 3524 2680 3587 Eum.
2715 3526 2860 3588 627.
2907 3526 3086 3608 μένω

632 3614 690 3677 δ’
739 3615 1007 3678 ἀκοῦσαι
1062 3619 1204 3684 πῶς
1259 3614 1437 3696 ἀγὼν
1492 3615 1875 3697 κριθήσεται.
1936 3615 2078 3677 682.
2139 3615 2318 3697 δίκης
2373 3616 2662 3696 γενέσθαι
2707 3614 2883 3698 τῆσδ’
2931 3616 3084 3698 ε’πή-

629 3727 786 3773 κοος
829 3705 1025 3786 μένω.
1075 3704 1256 3767 Pind.
1310 3703 1373 3765 P.
1421 3703 1534 3766 III.
1585 3706 1684 3766 28.
1745 3705 1864 3766 οὐκ
1922 3704 2110 3784 ἔμειν’
2157 3704 2364 3767 ἐλθεῖν
2419 3704 2731 3785 τράπεζαν
2787 3705 3086 3786 νυμφίαν.

632 3791 807 3875 Virg.
858 3796 1015 3855 Aen.
1063 3793 1110 3857 I.
1154 3794 1299 3855 527.
1347 3791 1519 3856 ‘Non
1566 3813 1681 3855 nos
1730 3799 1840 3856 aut
1887 3795 2049 3856 ferro
2099 3792 2372 3875 Libycos
2429 3794 2729 3877 populare
2777 3800 3038 3876 penates
3076 3791 3083 3878 Ι

632 3883 930 3944 venimus
977 3888 1086 3944 aut
1132 3888 1338 3965 raptas
1384 3882 1461 3944 ad
1514 3882 1695 3945 litora
1743 3888 1989 3946 vertere
2034 3883 2338 3966 praedas)
2394 3881 2546 3946 Hor.
2583 3882 2697 3946 Od.
2732 3883 2777 3945 I.
2829 3884 2931 3946 23.
2985 3883 3084 3946 10.

631 3971 787 4033 ‘non
835 3990 949 4052 ego
999 3977 1059 4035 tc
1104 3973 1395 4054 frangere
1442 3972 1829 4054 persequor)

815 4061 913 4122 13.
963 4062 1129 4134 ξένοι
1178 4098 1259 4105 --
1310 4060 1540 4144 ἀστῶν]
1591 4061 1678 4124 Cf.
1726 4062 1821 4124 El.
1874 4063 2019 4124 975.
2067 4062 2276 4124 ἀστῶν
2323 4064 2361 4144 ἢ
2411 4063 2628 4135 ξένων.

815 4151 913 4211 14.
962 4149 1052 4233 οἳ]
1101 4148 1175 4211 In
1223 4149 1349 4212 fine
1396 4170 1646 4233 verSuS,
1698 4157 1769 4213 ut
1815 4151 1882 4214 in
1934 4150 2022 4212 El.
2073 4152 2218 4213 873.
2268 4149 2362 4214 ὧν
2404 4152 2411 4233 Ι
2454 4188 2564 4213 -.
2731 4151 3085 4235 στέφουσιν]

631 4236 679 4300 I.
729 4257 779 4301 c.
827 4239 1457 4322 circumcingunt.

815 4330 913 4390 15.
961 4329 1143 4391 πόλιν
1190 4328 1545 4413 στέφουσιν]
1605 4328 1694 4391 Of.
1743 4332 1892 4393 Ant.
1946 4330 2088 4392 121.
2141 4331 2527 4412 στεφάνωμα
2574 4331 2857 4412 πύργων.
2995 4330 3088 4400 ὡς

633 4415 742 4478 ἀπ’
790 4417 1123 4502 ὀμμάτων]
1174 4419 1260 4481 Cf.
1311 4417 1469 4481 O.C.
1520 4420 1620 4482 81.
1668 4418 1962 4500 λαμπρὸς
2007 4419 2225 4500 ὥσπερ
2274 4421 2509 4502 ὄμματι
2556 4421 2670 4500 (ὡς
2716 4419 2826 4482 ἀπ’
2873 4420 3085 4501 ὀμμά-

632 4508 844 4585 τωνΡ).
894 4506 986 4569 ΕΙ.
1039 4510 1139 4570 65.
1204 4507 1391 4589 τῆσδε
1452 4514 1561 4591 τῆς
1607 4509 1830 4591 φήμης
1885 4509 2031 4571 ἄπο.
2097 4509 2285 4572 Thuc.
2338 4509 2476 4572 VH.
2528 4511 2628 4571 76.
2694 4510 2786 4580 ὡς
2841 4509 2911 4572 ἐκ
2958 4513 3088 4572 τῶν
