3463 5287
1388 409 1652 453 meme.
2624 390 2747 453 151

475 569 621 633 898.
669 566 1008 652 ἒχρίμπτῃ]
1075 566 1166 631 Cf.
1214 566 1450 633 Herod.
1497 566 1613 632 IX.
1664 569 1766 632 98.
1817 569 1872 630 3.
1920 568 2281 652 ἐγχρίμψας
2325 575 2419 651 τῷ
2465 570 2748 652 αἰγιαλῷ.

291 656 498 722 Multo
546 659 795 742 saepius
840 658 1097 740 passiva
1141 677 1271 720 vox
1315 663 1675 740 usurpatur.

477 747 621 811 901.
668 748 880 831 νεώρη
924 745 1303 831 βόστρυχον]
1370 746 1459 811 Cf.
1507 744 1577 809 Ο.
1612 745 1678 810 C.
1726 748 1874 810 475.
1942 745 2076 817 οἷὸς
2138 748 2364 829 νεώρει
2426 747 2745 811 νεοπόκου

289 836 620 989 pall-{ba
668 925 943 1008 σύνηθες
973 924 1188 1010 ὄμμα]
1237 923 1327 988 Of.
1359 925 1509 989 Eur.
1542 923 1726 991 Rhoe.
1762 925 1908 990 608.
1955 925 2329 1008 φθέγματος
2374 924 2497 1007 γὰρ
2542 925 2744 1009 ᾐσθό-

290 1038 425 1097 μην
465 1014 475 1097 Ι
513 1020 625 1078 τοῦ
681 1020 799 1078 σοῦ
864 1015 1114 1098 συνήθη
1180 1020 1395 1098 γῆρυν.
1453 1015 1833 1081 Artemidor.
1880 1012 1928 1077 Ι.
1977 1015 2080 1078 80.
2147 1014 2392 1097 γυναικὶ
2457 1016 2745 1099 γνωρίμη

291 1103 401 1167 καὶ
445 1105 708 1186 συνήθει
750 1104 1109 1186 μίγνυσθαι.
2277 1169 2289 1181 ‚

474 1193 621 1256 906.
667 1200 838 1276 χαρᾷ
869 1192 1000 1278 —]·
1036 1191 1123 1257 Cf.
1170 1193 1251 1257 ad
1288 1194 1475 1257 1222.
1508 1193 1736 1258 Aesch.
1768 1196 1992 1277 Agam.
2027 1192 2174 1258 270.
2220 1193 2387 1276 χαρά
2432 1193 2504 1276 μ’
2550 1193 2745 1276 ὑφέρ-

291 1306 395 1345 πει
441 1282 727 1365 ὸάκρυον
771 1282 1224 1366 ἐκκαλουμένη.

475 1372 621 1436 908.
669 1370 1015 1456 ἀγλάϊσμα]
1082 1371 1172 1436 Of.
1224 1372 1446 1436 Aesch.
1496 1372 1646 1437 Cho.
1700 1373 1843 1436 193.
1901 1370 2055 1435 εἶναι
2098 1371 2229 1436 τόδ’
2277 1372 2592 1454 ἀγλάϊσμά
2636 1395 2749 1454 μοι

291 1466 405 1524 τοῦ
470 1461 766 1544 φιλτάτου
817 1466 826 1543 Ι
873 1462 1129 1545 βροτῶν
1183 1459 1505 1544 Ὀρέστου.
1582 1460 1730 1525 Eur.
1781 1460 1874 1523 El.
1925 1462 2070 1524 325.
2145 1460 2319 1543 πυρὰ
2388 1460 2458 1525 δὲ
2521 1462 2749 1545 χέρσος

299 1550 762 1633 ἀγλαϊσμάτων.
825 1549 969 1615 ΗΘΙ.
1023 1552 1121 1614 11.
1184 1550 1257 1614 τὸ
1318 1550 1561 1634 μητρὸς
1624 1551 1956 1633 ἀγλάϊσμα.
2024 1551 2169 1614 289.
2235 1552 2273 1614 ὃ
2321 1548 2379 1614 δ’
2435 1550 2748 1633 ἀγλάϊσμα

294 1639 618 1722 δωμάτων
662 1639 824 1723 ἐμοῦ
869 1640 921 1703 τ’
967 1641 1107 1723 ἔφυ.

476 1729 620 1793 909.
665 1737 760 1812 τῷ·
822 1728 944 1813 γὰρ
1007 1731 1317 1812 προσήκει
1365 1727 1515 1813 —,·]
1582 1728 1676 1793 Cf.
1729 1729 1951 1793 Aesch.
2000 1728 2149 1793 cho.
2202 1729 2347 1793 172.
2413 1729 2533 1792 οὐκ
2588 1730 2749 1792 ἔστιν

293 1818 460 1889 ὅστις
503 1818 669 1902 πλὴν
714 1819 874 1901 ἐμοῦ
922 1818 1084 1899 (ἑνὸς
1129 1818 1347 1900 Dobr.)
1392 1817 1663 1901 κείραιτό
1710 1842 1822 1882 νιν.

476 1908 621 1971 913.
670 1907 804 1971 ἀλλ’
862 1907 1014 1973 οὐδὲ
1067 1908 1187 1990 μὲν
1245 1907 1359 1992 ὀὴ]
1426 1905 1516 1971 Of.
1562 1906 1658 1971 Tr.
1713 1908 1900 1970 1128.
1968 1907 2102 1970 ἀλλ’
2161 1906 2313 1971 οὐδὲ
2366 1906 2486 1989 μὲν
2532 1906 2612 1990 δὴ
2662 1943 2745 1954 --

294 2021 381 2080 γε.
427 1995 524 2059 El.
578 1996 720 2060 103.
768 1995 901 2060 ἀλλ’
949 1998 1026 2061 οὔ
1071 1996 1191 2079 μὲν
1237 1997 1335 2080 όή.
1386 1999 1482 2080 Aj.
1532 1997 1677 2060 877.
1727 1994 1862 2059 ἀλλ’
1910 1996 2063 2061 οὐδὲ
2110 2034 2194 2043 -
2244 1996 2342 2079 δή.

474 2086 619 2149 916.
666 2085 980 2170 θάρσυνε]
1047 2085 1175 2151 Hic
1231 2086 1709 2150 intransitivum
1758 2090 1855 2151 est
1898 2086 2242 2169 θαρσύνειν
2288 2091 2361 2149 ut
2403 2085 2746 2168 κρατύνειν.

475 2176 621 2238 917.
665 2181 794 2246 τοῖς
839 2175 1083 2239 αὐτοῖσί
1120 2199 1214 2239 τοι
1261 2175 1378 2259 -]
1438 2175 1527 2240 Cf.
1574 2175 1672 2239 Fr.
1723 2176 1869 2238 713.
1935 2174 2068 2238 ἀλλ’
2117 2173 2320 2257 οὑμὸς
2366 2174 2460 2238 ἀεὶ
2504 2174 2749 2256 πότμος

292 2265 361 2327 ἐν
404 2271 636 2346 πυκνῷ
681 2264 840 2329 θεοῦ
881 2265 889 2347 Ι
930 2272 1146 2347 τροχῷ·
1198 2265 1511 2328 κυκλεῖται
1555 2264 1662 2328 καὶ
1706 2263 2111 2346 μεταλλάσσει
2157 2264 2364 2346 φύσιν.
2411 2263 2562 2327 Eur.
2608 2263 2745 2327 Tro,

299 2354 485 2416 1206.
535 2353 743 2425 οὖόεὶς
788 2352 978 2425 αὑτὸς
1017 2354 1264 2437 εὐτυχεῖ
1285 2377 1437 2418 ποτε
1483 2353 1770 2437 (εὐτυχὴς
1814 2354 1991 2435 ἀείΡ).
2125 2352 2533 2437 παραστατεῖ]
2581 2352 2746 2417 Fort-

290 2443 676 2524 παρίσταται.
754 2442 843 2507 Cf.
892 2444 990 2526 Aj.
1041 2444 1142 2506 93.
1196 2444 1338 2506 117.
1392 2444 1579 2506 1383.
1640 2441 1798 2507 Plat.
1845 2461 2004 2506 com.
2051 2441 2132 2506 Π.
2183 2444 2329 2506 639.
2373 2442 2578 2524 τούτῳ
2622 2466 2746 2505 πα-

291 2533 500 2613 ρίστω.
551 2530 714 2596 Men.
748 2531 860 2596 IV.
899 2532 1040 2596 105.
1088 2532 1231 2614 ἐμοὶ
1260 2532 1568 2615 παράστα.
1616 2531 1915 2596 Menand.
1951 2532 2098 2613 550,
2138 2532 2192 2593 1.
2239 2532 2463 2595 ἅπαντι
2497 2531 2748 2613 δαίμων

292 2620 476 2704 ἀνδρὶ
529 2621 1024 2705 συμπαρίσταται
1078 2624 1616 2705 (συμπαραστατεῖ
1653 2620 1755 2701 al.)
1795 2622 1805 2705 Ι
1846 2620 2043 2693 εὐθὺς
2097 2622 2450 2705 γενομένῳ,
2505 2643 2745 2704 μυστα-

292 2709 506 2794 γωγὸς
550 2716 662 2774 τοῦ
707 2712 852 2794 βίου
892 2709 901 2795 Ι
943 2711 1208 2794 ἀγαθός.

475 2800 620 2863 918.
667 2799 740 2863 τὰ
786 2799 1095 2884 πρόσθεν]
1163 2798 1252 2864 Cf.
1302 2800 1530 2866 Aesch.
1578 2803 1697 2885 Ag.
1752 2801 1851 2864 19.
1928 2797 2033 2865 Sic
2096 2799 2169 2862 τὰ
2233 2799 2548 2882 πάροιθεν
2589 2799 2745 2863 Eur.

290 2888 430 2953 Tro.
479 2889 626 2953 807.
671 2888 743 2953 τὸ
788 2890 996 2973 πάρος
1041 2888 1227 2954 Herc.
1273 2890 1415 2952 127.
1462 2889 1532 2954 τὸ
1578 2890 1891 2973 πρότερον
1935 2889 2127 2953 Thac.
2175 2887 2285 2951 Vl.
2334 2890 2435 2952 86.
2482 2887 2553 2952 τὸ
2598 2889 2747 2972 πρὶν

292 2977 521 3043 Aescb.
568 2976 776 3041 Prom.
824 2980 970 3042 443.
1107 2979 1147 3062 ἡ
1198 2978 1268 3044 δὲ
1312 2984 1427 3043 νῦν
1475 2979 1590 3063 —-]
1640 2978 1729 3043 Cf.
1777 2979 1927 3043 Eur.
1974 2977 2209 3043 Phoen.
2255 2979 2442 3042 1598.
2489 2977 2747 3042 πολλῶν

290 3072 518 3131 κακῶν
561 3067 843 3151 ὑπῆρξεν
897 3066 1165 3132 Οἷόίπου
1214 3068 1438 3150 δόμοις
1478 3067 1487 3150 Ι
1526 3067 1660 3131 τόό’
1705 3066 1902 3151 ἦμαρ.
1947 3067 2084 3131 Tro.
2118 3068 2264 3131 871.
2312 3067 2406 3138 ῶς
2446 3066 2549 3149 ἄρ’
2596 3067 2747 3150 ἡμὶν

291 3157 371 3220 οὗ
443 3161 736 3239 σμικρῶν
806 3162 1033 3221 κακῶν
1081 3158 1091 3240 Ι
1139 3157 1331 3241 ἦρξεν
1392 3156 1463 3220 τό
1528 3157 1748 3241 δῶρον
1802 3163 1916 3221 etc.
1988 3159 2086 3240 Aj.
2144 3158 2290 3219 282.
2350 3157 2495 3219 934.
2558 3157 2743 3222 1018.

291 3246 492 3309 Andr.
526 3248 673 3309 274.
717 3245 908 3309 Τ11110.
941 3245 1021 3310 ΙΙ.
1060 3247 1159 3312 12.
1214 3246 1331 3330 ἥόε
1375 3247 1415 3328 ἡ
1463 3247 1672 3331 ἡμέρα
1717 3252 1846 3318 τοῖς
1877 3245 2133 3328 ”Ελλησι
2176 3246 2477 3327 μεγάλων
2521 3250 2746 3309 κακῶν

288 3335 482 3418 ἄρξει.
532 3334 776 3400 Andoc.
822 3355 880 3419 p.
932 3335 1031 3398 71.
1080 3338 1148 3399 οἳ
1202 3336 1495 3419 ὑπῆρξαν
1540 3342 1650 3418 τῆς
1695 3336 2056 3418 ἐλευθερίας
2102 3335 2316 3418 ἁπάσῃ
2363 3341 2438 3418 τῇ
2476 3333 2743 3397 Ἑλλάδι.

288 3430 354 3488 et
398 3424 478 3488 ad
527 3425 716 3489 Arist.
765 3423 910 3488 Pac.
957 3426 1104 3488 435.
1162 3424 1525 3508 εὐχόμεσθα
1580 3425 1694 3508 τὴν
1739 3430 1853 3489 νῦν
1900 3425 2145 3507 ἡμέραν
2186 3422 2515 3507 ΓΈλλησιν
2559 3424 2746 3505 ἄρξαι

286 3518 442 3577 πᾶσι
485 3513 743 3578 πολλῶν
795 3514 1124 3597 κάγαθῶν.
1181 3512 1449 3579 Monost.
1498 3516 1643 3577 242.
1701 3513 1857 3585 θεὸς
1901 3518 2028 3584 τοῖς
2073 3514 2355 3595 ἀργοῒσιν
2417 3513 2495 3577 οὗ
2558 3513 2743 3595 παρί-

288 3626 516 3666 σταται.
583 3604 730 3666 252.
793 3602 949 3674 θεός
1014 3603 1073 3668 δ’
1128 3604 1598 3686 ἁμαρτάνουσιν
1661 3604 1740 3666 οὗ
1803 3604 2183 3686 παρίσταται.
2234 3602 2380 3665 624.
2425 3602 2745 3665 πολλοῖσιν

290 3693 535 3763 ἀὸίκοις
588 3694 629 3776 ἡ
685 3693 840 3777 τύχη
897 3694 1280 3776 παρίσταται.
1341 3692 1497 3757 Plat.
1545 3691 1625 3754 Π.
1675 3693 1822 3756 639.
1878 3693 2083 3774 τούτῳ
2127 3691 2432 3773 παρίστω.
2493 3690 2590 3773 Aj.
2642 3690 2742 3753 92.

288 3779 348 3845 ὦ
394 3781 563 3864 χαῖρ’
601 3781 845 3846 Ἀθάνα
878 3820 961 3829 -
1001 3782 1095 3853 ὥς
1141 3781 1211 3846 εὖ
1255 3783 1585 3866 παρέστης.
1638 3781 1780 3844 117.
1827 3780 2062 3845 τοιάνδ’
2109 3781 2210 3844 ἀεί
2247 3803 2360 3862 μοι
2407 3780 2747 3862 ξύμμαχον

286 3871 685 3955 παρεστάναι.
755 3872 941 3936 1383.
1005 3872 1210 3954 τούτῳ
1274 3872 1396 3954 γὰρ
1452 3872 1548 3935 ὢν
1603 3870 1892 3954 ἔχθιστος
1936 3870 2239 3953 Ἀργείων
2293 3869 2455 3952 ἀνὴρ
2496 3870 2507 3951 Ι
2545 3867 2747 3951 μόνος

287 3961 605 4044 παρέστης
649 3962 876 4043 χερσίν.

469 4050 618 4114 919.
664 4048 895 4134 κῦρος]
970 4048 1482 4113 Confirmatio.
1569 4049 1615 4113 1.
1673 4068 1723 4112 e.
1790 4053 1951 4112 rata
2024 4049 2277 4113 faciet.
2356 4044 2443 4111 Of.
2510 4045 2744 4112 Herod.

289 4138 398 4202 VI.
452 4140 596 4203 129.
662 4139 757 4209 ὡς
803 4138 874 4202 δὲ
919 4140 958 4220 ἡ
1006 4139 1191 4222 κυρίη
1257 4139 1498 4221 ἐγένετο
1552 4143 1681 4202 τῶν
1737 4139 2034 4221 ἡμερέων
2077 4144 2187 4220 τῆς
2230 4160 2294 4200 τε
2339 4136 2746 4207 κατακλίσεός

286 4252 349 4291 τε
403 4234 517 4291 τοῦ
582 4229 809 4311 γάμου.
866 4226 1093 4292 Aesch.
1149 4226 1364 4311 Suppl.
1414 4229 1561 4290 391.
1634 4227 1728 4299 ὡς
1802 4227 1923 4290 οὐκ
1997 4229 2211 4309 ἔχουσι
2282 4231 2482 4307 κῦρος
2554 4224 2745 4289 οῧόὲν

289 4317 456 4400 ἀμφὶ
502 4323 638 4380 σοῦ.
682 4317 875 4381 Thuo.
921 4316 999 4380 V.
1049 4318 1150 4380 38.
1198 4318 1382 4399 αἴπερ
1429 4317 1599 4380 ἅπαν
1643 4315 1714 4380 τὸ
1761 4322 1960 4398 κῦρος
2006 4318 2236 4397 ἔχουσι.

468 4407 616 4470 920.
663 4411 787 4489 φεῦ
833 4412 942 4489 τῆς
987 4405 1236 4490 ἀνοίας]
1295 4405 1384 4469 Cf.
1437 4407 1624 4469 1183.
1678 4410 1802 4488 φεῦ
1847 4411 1958 4488 τῆς
2002 4405 2306 4486 ἀνύμφου
2354 4440 2437 4450 -
2485 4409 2743 4487 τροφῆς.

295 4496 482 4559 1054.
513 4496 679 4576 Ant.
730 4495 877 4562 603.
926 4495 1022 4562 Fr.
1057 4496 1203 4559 517.
1251 4495 1401 4577 Eur.
1441 4495 1678 4560 Phoen.
1716 4495 1905 4560 1425.
1952 4499 2077 4580 φεῦ
2123 4498 2276 4576 φεῦ,
2318 4496 2547 4558 κακῶν
2593 4497 2744 4567 σῶν,
