3463 5287
673 349 800 453 192
1594 407 1845 455 campus
1892 406 2193 453 commms

849 568 996 631 437.
1041 567 1297 651 μόχθος
1352 604 1436 614 —
1491 567 1743 651 πέπων]
1819 567 1907 631 Cf.
1953 567 2049 631 Tr.
2102 568 2246 631 728.
2312 566 2472 651 ὀργὴ
2537 567 2823 651 πέπειρα.
2897 569 3131 633 Aesch.

668 657 853 721 Eum.
907 657 1006 721 70.
1071 658 1355 740 ἐχθροῖσι
1411 663 1538 727 τοῖς
1593 663 1726 728 σοῖς
1784 658 1861 720 οὐ
1918 658 2261 739 γενήσομαι
2306 660 2550 721 πέπων.
2605 659 2727 740 Ag.
2779 658 2970 721 1336.
3015 682 3130 722 πε-

668 747 928 829 παιτέρα
977 745 1100 828 γὰρ
1143 752 1341 829 μοῖρα
1386 753 1497 829 τῆς
1540 746 1926 829 τυραννίδος.

848 836 996 898 439.
1041 837 1242 917 μείζω
1305 834 1620 918 κολαστὴν
1682 840 1811 898 τῶν
1873 835 2023 916 πρὶν
2086 834 2580 920 ἡμαρτημένων]
2646 834 2740 900 cf.
2795 837 2988 901 Isoer.
3049 837 3130 900 ad

671 923 728 988 Ν
735 924 913 991 icocl.
937 925 974 1006 ξ
998 926 1100 988 35.
1146 932 1239 1007 τῷ
1282 924 1393 995 τὰς
1435 926 1743 1006 τιμωρίας
1788 925 2080 995 ἐλάττους
2122 926 2441 989 ποιεῖσθαι
2471 930 2601 988 τῶν
2632 926 3129 1009 ἁμαρτημάτων.

848 1015 995 1077 441.
1042 1012 1321 1097 χρόνιον]
1387 1011 1819 1095 Diutinum,
1886 1013 2029 1077 diu.
2108 1014 2196 1077 Cf.
2257 1013 2415 1079 Phil.
2473 1015 2620 1077 600.
2695 1016 2770 1078 ὅν
2833 1015 2892 1096 γ’
2959 1015 3132 1099 εἶχον

668 1103 794 1187 ἤδη
826 1102 1086 1187 χρόνιον
1118 1103 1584 1187 ἐκβεβληκότες.
1729 1103 2082 1185 ἐπωφελεῖν
2114 1141 2196 1150 —
2228 1112 2322 1187 τῷ
2351 1100 2569 1189 πατρὶ]
2618 1103 2710 1168 Cf.
2745 1102 2891 1167 Eur.
2923 1105 3130 1167 Andr.

671 1196 818 1257 678.
864 1193 1106 1256 οὔκουν
1152 1192 1396 1256 δίκαιον
1439 1199 1567 1263 τοῖς
1613 1191 1671 1274 γ’
1718 1193 1895 1276 ἐμοῖς
1941 1193 2290 1275 ἐπωφελεῖν
2336 1193 2458 1273 (ἔμ’
2506 1193 2718 1274 ὥφ.Ρ).

848 1284 995 1345 442.
1042 1281 1113 1344 τὸ
1162 1281 1323 1363 δρᾶν
1368 1282 1489 1346 οὐκ
1537 1280 1884 1364 ἠθέλησαν]
1956 1281 2045 1346 Cf.
2092 1285 2242 1345 Ant.
2295 1283 2483 1345 1106.
2547 1282 2815 1364 καρδίας
2880 1282 2939 1345 δ’
3005 1283 3126 1356 ἐξί-

670 1394 898 1453 σταμαι
938 1372 949 1451 Ι
987 1370 1058 1434 τὸ
1108 1370 1283 1453 δρᾶν.
1331 1372 1429 1454 Aj.
1467 1372 1656 1434 1143.
1703 1372 1935 1441 ναύτας
1980 1371 2433 1454 ἔφορμήσαντα
2480 1376 2798 1454 χειμῶνος
2833 1371 2904 1435 τὸ
2935 1373 3128 1435 πλεῖν.

669 1459 830 1523 Phil.
880 1461 1025 1523 620.
1073 1462 1221 1524 881.
1274 1461 1462 1523 1241.
1514 1462 1701 1523 1252.
1774 1462 1921 1523 Ant.
1970 1461 2116 1523 664.
2181 1463 2221 1543 ἢ
2285 1461 2714 1524 τούπιτάσσειν
2774 1467 2903 1531 τοῖς
2968 1484 3127 1543 κρα-

668 1555 879 1613 τοῦσιν
924 1549 1135 1613 ἔννοεῖ.
1183 1548 1278 1612 ΕΙ.
1333 1550 1517 1614 1079.
1563 1549 1634 1612 τὸ
1679 1549 1771 1632 μὴ
1817 1548 2068 1632 βλέπειν
2113 1550 2346 1632 ἑτοίμα.
2395 1553 2543 1613 Ant.
2594 1550 2693 1612 78.
2739 1549 2812 1613 τὸ
2860 1549 2930 1614 δὲ
2972 1551 2981 1631 Ι
3019 1551 3129 1633 βίᾳ

669 1639 944 1702 πολιτῶν
1009 1639 1170 1721 δρᾶν
1234 1639 1394 1720 ἔφυν
1458 1639 1807 1722 ἀμήχανος.
1874 1639 2021 1701 265.
2074 1639 2216 1701 778.
2282 1638 2554 1712 τεύξεται
2617 1638 2687 1702 τὸ
2739 1639 2832 1722 μὴ
2889 1639 3126 1703 θανεῖν.

672 1727 742 1793 Ο.
776 1726 849 1790 R.
903 1729 1090 1791 1416.
1138 1728 1203 1797 ἐς
1250 1728 1398 1791 δέον
1441 1728 1716 1810 πάρεσθ’
1764 1727 1875 1791 ὅδε
1916 1729 1924 1811 Ι
1964 1726 2199 1809 Κρέων
2242 1727 2315 1791 τὸ
2352 1730 2655 1811 πράσσειν
2699 1728 2809 1791 καὶ
2852 1728 2923 1791 τὸ
2968 1729 3125 1811 βου-

668 1817 883 1881 λεύειν.
947 1817 1139 1880 Thue.
1197 1816 1276 1880 II.
1336 1819 1437 1880 53.
1500 1818 1571 1881 τὸ
1634 1816 1756 1899 μὲν
1816 1817 2402 1899 προσταλαιπωρεῖν
2473 1825 2564 1899 τῷ
2630 1817 2881 1890 δόξαντι
2944 1818 3130 1901 καλῷ

671 1906 882 1977 οὐδεὶς
926 1906 1272 1989 πρόθυμος
1316 1904 1411 1989 ἦν.
1459 1906 1617 1969 Plat.
1665 1907 1812 1988 Lys.
1859 1926 1917 1991 p.
1967 1907 2114 1969 215.
2162 1908 2428 1989 ἔξαρνος
2473 1906 2530 1969 εἴ
2569 1905 2640 1969 τὸ
2687 1907 2855 1987 ἐρᾶν.

848 1996 996 2058 443.
1044 1996 1239 2065 ἔπους
1285 2001 1559 2078 σμικροῦ
1604 1994 1813 2079 χάριν]
1881 1995 1927 2058 Ι.
1976 2015 2028 2061 e.
2091 1997 2208 2060 for
2253 2002 2452 2058 want
2505 1995 2583 2058 of
2622 2015 2658 2058 a
2703 1998 2842 2058 few
2890 1996 3129 2079 slight

670 2084 918 2148 words
964 2084 1125 2161 (said
1174 2103 1256 2147 on
1304 2104 1422 2166 my
1468 2084 1724 2165 behalf).
1775 2084 1849 2147 V.
1883 2084 2076 2149 schol.
2142 2083 2234 2148 of.
2278 2085 2425 2147 620.
2471 2085 2544 2148 ἐκ
2591 2091 2866 2167 σμικροῦ
2912 2085 3126 2167 λόγου.

670 2175 770 2256 Aj.
809 2175 995 2236 1268.
1044 2174 1101 2237 εἷ
1142 2179 1259 2238 σοῦ
1293 2173 1349 2255 γ’
1382 2173 1482 2237 ὅδ’
1514 2173 1678 2258 ἀνὴρ
1710 2174 1852 2238 οὐδ’
1884 2175 1988 2238 ἐπὶ
2028 2181 2285 2257 σμικρῷ
2313 2174 2515 2256 λόγῳ,
2555 2173 2567 2257 Ι
2606 2173 2796 2247 Αἴας,
2843 2175 2923 2237 ἔτ’
2971 2177 3128 2257 ἴσχει

667 2269 945 2345 μνῆστιν.
994 2260 1088 2325 ΕΙ.
1122 2264 1269 2325 415.
1316 2263 1518 2326 πολλά
1574 2286 1667 2327 τοι
1713 2264 1972 2346 σμικροὶ
2016 2263 2192 2346 λόγοι
2226 2299 2308 2309 -
2341 2263 2792 2345 κατώρθωσαν
2835 2265 3126 2346 βροτούς.

672 2353 862 2415 Arist.
911 2351 1078 2416 Eecl.
1130 2352 1275 2415 751.
1341 2353 1418 2415 οὗ
1484 2351 1604 2435 γὰρ
1667 2353 1776 2416 τὸν
1848 2352 2005 2434 ἐμὸν
2068 2353 2305 2434 ἱδρῶτα
2355 2389 2437 2397 —
2486 2352 2676 2415 οὐδὲν
2745 2352 2911 2435 πρὸς
2972 2355 3128 2423 ἔπος

670 2442 876 2512 οὕτως
922 2442 1211 2525 ἀνοήτως
1256 2441 1528 2524 ἐκβαλῶ.

848 2533 998 2594 444.
1044 2529 1301 2613 πτωχὸς
1364 2529 1654 2614 ἠλώμην]
1722 2531 1812 2595 Cf.
1865 2532 2008 2595 745.
2075 2531 2251 2614 ὁρῶν
2314 2555 2385 2595 σε
2446 2530 2554 2595 τὸν
2611 2530 2920 2615 δύστηνον
2974 2532 3125 2595 ὄντα

668 2620 788 2704 μὲν
834 2621 1033 2695 ξένον,
1080 2620 1193 2684 ἀεὶ
1241 2620 1301 2684 δ’
1346 2620 1639 2704 ἀλήτην.
1707 2619 1855 2683 Eur.
1911 2619 2061 2685 Her.
2112 2622 2258 2684 318.
2323 2619 2621 2704 πτωχοὺς
2684 2621 2914 2704 ἀλήτας
2960 2622 3124 2686 εἰσο-

670 2717 919 2794 ρῶντες.
967 2710 1131 2774 Med.
1168 2711 1313 2773 515.
1359 2710 1657 2793 πτωχοὺς
1702 2711 1993 2775 ἀλᾶσθαι.
2042 2711 2140 2775 Fr.
2174 2710 2381 2796 adesp.
2419 2712 2561 2774 107.
2608 2711 2858 2783 ἄπολις,
2904 2712 3128 2781 ἄοικος

674 2837 756 2847 —-
804 2800 1061 2881 πτωχὸς
1105 2800 1438 2882 πλανήτης.
1619 2800 1792 2884 σφιν]
1842 2800 1964 2864 Pro
2012 2801 2248 2873 αὐτοῖς,
2294 2809 2367 2863 ut
2411 2801 2478 2862 in
2526 2801 2674 2863 451.
2721 2802 2821 2883 Aj.
2872 2801 3017 2863 570.
3065 2809 3128 2865 et

672 2889 750 2953 ad
799 2891 897 2951 A‘.
945 2889 1092 2951 440.

851 2910 998 3041 446.
1043 2977 1288 3061 τροφὰς
1338 3015 1418 3024 -
1466 2976 1643 3061 βίου]
1693 2977 1783 3042 Of.
1833 2980 1978 3042 338.
2024 2979 2168 3061 βίου
2213 2979 2475 3061 τροφάς.
2524 2979 2669 3041 330.
2721 2978 2910 3041 1265.

848 3070 996 3130 447.
1044 3067 1413 3151 ἓπάρκεσις]
1462 3068 1551 3131 Cf.
1586 3067 1735 3131 Eur.
1769 3065 1924 3131 Hec.
1960 3068 2103 3131 758.
2151 3069 2260 3131 καὶ
2307 3068 2385 3150 δὴ
2433 3069 2541 3132 τίν’
2578 3069 2750 3150 ἡμᾶς
2794 3069 2882 3137 είς
2928 3068 3122 3150 ἐπάρ-

670 3180 843 3221 κεσιν
886 3156 1128 3232 καλεῖς,·
1203 3158 1409 3240 Supra
1457 3159 1555 3220 73.
1603 3158 1872 3239 ἅρκεσις.
1949 3155 2046 3221 De
2088 3158 2281 3220 verbo
2329 3159 2625 3240 ἐπαρκεῖν
2671 3160 2744 3220 cs.
2781 3157 2926 3228 777,
2976 3159 3124 3220 Ant.

673 3248 817 3310 612.
869 3248 965 3328 Aj.
1015 3247 1161 3308 360.
1208 3245 1307 3310 Fr.
1356 3247 1456 3309 66.

851 3336 998 3398 449.
1047 3336 1335 3419 σκήπτρα
1382 3333 1679 3418 κραίνειν]
1737 3334 1786 3397 Ι.
1835 3354 1884 3399 e.
1931 3336 2119 3418 regit,
2176 3335 2405 3419 dirigit.
2484 3334 2572 3399 Cf.
2625 3335 2769 3397 914.
2825 3336 3122 3417 κραίνου-

670 3448 788 3489 σαν
852 3425 1058 3488 οὐδέν.
1122 3426 1217 3487 Τι’.
1275 3426 1412 3488 126.
1488 3425 1525 3488 ὁ
1579 3427 1782 3488 πάντα
1847 3427 2130 3506 κραίνων
2192 3424 2482 3508 βασιλεὺς
2545 3423 2883 3504 Κρόνιδας.
2961 3423 3124 3487 Cum

668 3515 953 3598 genitivo
1001 3515 1102 3595 Aj.
1156 3514 1342 3577 1050.
1398 3515 1471 3584 ὃς
1524 3516 1764 3596 κραίνει
1818 3521 2101 3596 στρατοῦ.
2161 3515 2231 3579 Ο.
2265 3514 2331 3578 C.
2390 3515 2535 3578 296.
2585 3515 2732 3576 862.
2783 3514 2927 3576 926.
3006 3512 3124 3589 Qu.

669 3609 958 3686 σκῆπτρα
1005 3608 1232 3685 νωμᾶν
1277 3603 1339 3682 (i.
1387 3623 1444 3684 q.
1490 3603 1738 3685 νέμειν).

850 3692 979 3754 450
1012 3710 1105 3774 sq.
1151 3691 1286 3754 ἀλλ’
1333 3694 1410 3755 οὔ
1466 3716 1518 3754 τι
1570 3693 1663 3775 μὴ
1711 3692 1976 3777 τύχωσι]
2036 3693 2127 3757 Of.
2173 3693 2268 3756 Tr.
2319 3693 2466 3756 621.
2514 3693 2591 3757 οὔ
2637 3717 2691 3755 τι
2735 3692 2826 3776 μὴ
2876 3692 3126 3775 σφαλῶ.

669 3782 764 3845 ΕΙ.
812 3783 916 3844 42.
963 3782 1043 3845 οὗ
1091 3782 1211 3863 γάρ
1257 3804 1327 3846 σε
1371 3781 1462 3864 μὴ
1513 3783 1678 3864 γήρα
1724 3806 1788 3844 τε
1831 3782 1940 3846 καὶ
1984 3784 2202 3866 χρόνῳ
2231 3790 2471 3866 μακρῴ
2510 3784 2520 3866 Ι
2561 3781 2756 3863 γνῶσ’
2788 3782 2929 3845 οὐδ’
2961 3782 3124 3846 ὑπο-

669 3871 1041 3935 πτεύσουσιν
1087 3868 1207 3935 ὧδ’
1255 3871 1641 3954 ἠνθισμένον
1684 3872 2070 3955 (ἠσκημένον
2082 3875 2152 3954 Ρ).

849 3962 978 4023 452
1013 3980 1104 4041 sq.
1153 3959 1242 4024 Cf.
1291 3962 1388 4043 Aj.
1445 3962 1630 4023 1386.
1687 3961 1782 4031 ὡς
1826 3961 1863 4024 ὅ
1908 3961 2252 4044 στρατηγὸς
2306 3960 2799 4044 οὗπιβρόντητος
2840 3959 3064 4043 μολὼν
3113 3957 3122 4046 Ι

672 4049 861 4119 αὐτός
904 4074 969 4113 τε
1013 4051 1113 4133 χώ
1160 4050 1465 4132 ξύναιμος
1511 4049 1909 4132 ἠθελησάτην
1955 4061 2069 4113 etc.
2115 4051 2210 4112 Tr.
2260 4053 2389 4113 228
2421 4070 2512 4131 sq.
2559 4050 2747 4115 Hom.
2779 4049 2861 4113 H.
2895 4050 3031 4114 Cer.
3070 4051 3124 4112 1.

671 4138 976 4222 Δήμητρα
1027 4175 1107 4185 -—-·
1157 4140 1390 4222 ἄρχομ’
1438 4139 1681 4212 ἀείδειν,
1723 4144 1734 4221 Ι
1775 4139 1970 4222 αὐτὴν
2016 4139 2130 4221 ἠδὲ
2175 4141 2480 4222 θύγατρα.

850 4231 995 4291 453.
1046 4228 1356 4312 συννοῶν]
1415 4227 1503 4292 Cf.
1552 4228 1700 4292 Eur.
1752 4227 1854 4291 Or.
1905 4230 2049 4291 633.
2108 4230 2174 4291 ἔν
2230 4230 2488 4311 ἐμαυτῷ
2540 4254 2593 4292 τι
2640 4229 3123 4310 συννοούμενος.

669 4316 805 4380 Ion.
856 4318 1001 4381 644.
1079 4317 1252 4381 Hinc
1298 4317 1552 4381 σύννοια
1603 4320 1751 4380 Ant.
1801 4319 1946 4380 279.

850 4409 996 4469 454.
1042 4406 1287 4487 μαντεῖ’
1324 4444 1403 4451 --
1437 4405 1826 4490 παλαίφαθἸ
1876 4406 1966 4470 Cf.
2007 4407 2233 4471 Aesch.
2268 4409 2385 4490 Ag.
2423 4409 2566 4471 759.
2612 4408 3005 4491 παλαίφατος
3036 4444 3122 4453 -

671 4496 880 4578 γέρων
933 4495 1136 4577 λόγος.
1203 4494 1311 4558 Ch.
1345 4498 1489 4558 312.
1538 4495 1685 4561 Eur.
1735 4494 1922 4559 Herc.
1972 4498 2073 4559 26.
2138 4495 2325 4560 Hom.
2375 4495 2489 4560 Od.
2539 4498 2599 4579 9,
2648 4497 2793 4559 507.
2863 4495 2903 4580 ἦ
2950 4497 3122 4579 μάλα
