3463 5287
654 404 740 476 80
1733 426 2030 478 mooun

835 592 982 656 643.
1028 590 1138 656 τὸν
1202 583 1441 675 ἐχθρὸν
1505 586 1990 675 ἀνταμύνωνται
2026 586 2308 677 κακοῖς]
2384 590 2533 676 Leg.
2600 591 3113 676 ἀνταμείβωνται.

656 680 746 745 Cf.
796 683 1022 746 Aesoh.
1072 680 1222 746 Ch0.
1276 683 1418 746 123.
1474 687 1617 752 πῶς
1675 682 1734 746 ὁ’
1782 683 1860 747 οὗ
1913 681 2023 746 τὸν
2068 682 2311 764 ἐχθρὸν
2357 682 2844 829 ἀνταμείβεσθαι
2888 689 3116 753 κακοῖς

656 772 984 855 (εὖσεβές),·
1029 762 1133 834 Pr.
1182 764 1359 834 223

834 862 981 924 644.
1020 862 1100 935 ἐξ
1143 862 1283 925 ἴσου
1328 859 1545 945 πατρί]
1591 860 1640 924 Ι.
1675 878 1734 942 q.
1782 862 1936 931 ἴσως
1965 861 2166 943 πατρί.
2233 860 2323 924 Cf.
2353 860 2450 925 Tr.
2485 862 2631 924 322.
2677 868 2772 944 τῷ
2811 885 2880 943 γε
2909 861 3113 943 πρόσ-

652 951 771 1014 θεν
820 987 903 996 -
951 952 1024 1024 ἐξ
1068 952 1207 1014 ἴσου
1252 950 1487 1033 χρόνῳ.
1535 949 1607 1014 O.
1638 948 1711 1012 R.
1766 951 1952 1013 1019.

833 1040 980 1103 645.
1028 1038 1438 1124 ἀνωφέλητα]
1496 1038 1917 1103 ProfitIOSS.
1997 1038 2086 1102 Cf.
2134 1038 2227 1102 ΕΙ.
2281 1041 2467 1103 1144.
2522 1046 2767 1123 τροφῆς
2807 1040 2816 1123 Ι
2857 1041 3113 1123 ἀνωφε·

652 1129 862 1212 λήτου.
926 1128 1154 1213 Eupol.
1213 1129 1294 1193 H.
1353 1130 1500 1192 572.
1566 1128 1977 1211 ἀνωφέλητος
2038 1129 2408 1211 ἅνθρωπος.
2474 1130 2701 1193 Aesch.
2760 1130 2912 1194 Cho.
2966 1132 3113 1193 752.

652 1218 760 1283 καὶ
822 1217 1024 1283 πολλὰ
1088 1218 1196 1282 καὶ
1256 1217 1544 1301 μοχθήρ’
1609 1217 1965 1301 ἀνωφέλητ’
2031 1218 2173 1300 ἐμοὶ
2214 1218 2222 1301 Ι
2263 1218 2471 1302 τλάσῃ.
2653 1220 2854 1301 φιτύει
2898 1218 3113 1304 τέκνα]

654 1307 746 1372 Cf.
798 1310 894 1389 Aj.
947 1307 1135 1371 1296.
1182 1307 1220 1371 ὁ
1267 1307 1530 1390 φιτύσας
1573 1309 1799 1390 πατήρ.
1845 1307 1942 1370 Tr.
1992 1308 2138 1369 311.
2183 1309 2272 1378 τίς
2320 1307 2377 1372 ὀ’
2423 1308 2461 1371 ὁ
2507 1308 2770 1390 φιτύσας
2814 1310 3057 1391 πατήρ;

833 1398 979 1461 646.
1030 1396 1118 1461 Cf.
1165 1396 1322 1460 Plat.
1371 1395 1649 1479 Euthyd.
1707 1417 1766 1480 p.
1820 1398 1918 1459 17.
1983 1396 2090 1460 καὶ
2154 1403 2268 1460 νῦν
2330 1397 2534 1461 τούτω
2600 1397 2789 1461 οὗὸὲν
2816 1462 2823 1470 ,
2851 1397 3004 1461 ἄλλο
3069 1400 3110 1480 ἢ

651 1487 1000 1574 χορεύετονι
1031 1487 1180 1571 περί
1221 1510 1306 1550 σε.
1352 1485 1542 1550 Thuo.
1593 1484 1733 1548 VII.
1771 1487 1871 1549 75.
1920 1486 2110 1551 οὐδὲν
2156 1485 2277 1568 γὰρ
2325 1487 2477 1550 ἄλλο
2523 1489 2563 1569 ἢ
2610 1487 2787 1550 πόλει
2834 1487 3108 1551 ἐκπεπο-

652 1576 1037 1660 λιορκημένῃ
1072 1575 1358 1658 ἐῴκεσαν
1389 1574 1865 1659 ὗποφευγούσῃ.
1987 1576 2164 1656 αὐτῷ
2193 1575 2435 1646 πόνους
2465 1574 2686 1660 φῦσαι]
2721 1577 2812 1638 Cf.
2832 1576 3109 1659 Theogn.

655 1666 802 1728 539.
851 1662 1036 1736 οὗτὸς
1079 1665 1271 1748 ἀνὴρ,
1318 1664 1459 1747 φίλε
1504 1663 1744 1747 Κύρνε,
1790 1664 1991 1734 πέόας
2035 1664 2400 1746 χαλκεύεται
2444 1666 2637 1747 αὑτῷ.

834 1755 979 1817 647.
1029 1754 1120 1819 Cf.
1167 1753 1328 1818 Phil.
1379 1755 1525 1819 310.
1575 1753 1646 1818 O.
1680 1753 1747 1819 C.
1798 1755 1943 1817 902.
1990 1752 2140 1816 Eur.
2181 1753 2347 1817 Med.
2383 1755 2529 1817 383.
2576 1754 2869 1818 θανοῦσα
2915 1755 3108 1836 θήσω

651 1849 780 1914 τοῖς
824 1844 1002 1926 ἐμοῖς
1064 1844 1324 1926 ἐχθροῖς
1389 1843 1605 1925 γέλων.
1671 1841 1860 1907 Hero.
1910 1844 2057 1906 285.
2121 1840 2233 1917 Fr„
2268 1844 2417 1924 463,
2465 1845 2522 1905 4.
2590 1843 2789 1925 γέλως
2835 1843 2956 1926 γὰρ
3003 1844 3106 1926 ἐχ-

651 1934 838 2015 θροῖς
884 1934 1148 2015 γίγνεται
1192 1933 1266 1996 τὰ
1313 1933 1539 1998 τοιάόε.
1586 1931 1741 1996 Hor.
1790 1931 1914 1996 Sat„
1962 1932 2043 1995 11.
2093 1934 2150 1993 2.
2203 1933 2346 2001 107.

832 2024 977 2086 648.
1023 2024 1115 2105 μή
1169 2059 1246 2068 -
1296 2021 1603 2106 ἐκβάλῃς]
1651 2019 1760 2086 Do
1808 2028 1939 2085 not
1982 2027 2151 2104 part
2194 2022 2372 2086 with
2421 2042 2613 2103 your
2661 2016 2945 2086 rea'son.
3015 2020 3108 2087 Cf.

651 2112 846 2175 Arist.
879 2110 998 2193 Eq.
1029 2112 1177 2175 404.
1225 2112 1359 2176 εἴθε
1403 2111 1670 2194 φαύλως
1702 2148 1786 2157 —
1820 2111 2113 2194 ἐκβάλοις
2149 2110 2261 2193 τὴν
2306 2111 2568 2175 ἔνθεσιν.
2703 2111 2814 2182 τὰς
2844 2110 3108 2195 φρένας]

651 2200 799 2284 Leg.
864 2201 971 2264 τόν
1036 2225 1106 2283 γε
1170 2207 1340 2266 νοῦν.
1520 2200 1634 2283 ὑφ’
1680 2199 1951 2285 ἡόονῆς]
2018 2198 2107 2263 Cf.
2156 2199 2251 2262 EI.
2304 2202 2490 2264 1153.
2555 2201 2835 2283 μαίνεται
2893 2201 2950 2265 δ’
2995 2201 3109 2283 ὕφ’

699 2290 813 2354 δον
826 2296 907 2361 ”ς.

652 2292 692 2373 ἡ
815 2314 977 2442 1650.
1024 2378 1280 2461 ψυχρὸν
1324 2377 1851 2463 παραγκάλισμα]
1901 2377 2174 2462 Anglioo
2206 2378 2376 2444 oold
2415 2374 2755 2443 comfort.
2833 2377 2925 2442 Cf.
2958 2377 3108 2442 Eur.

651 2469 789 2532 Alo.
824 2469 970 2532 363.
1017 2468 1278 2551 ψυχρὰν
1321 2468 1459 2550 μὲν,
1507 2466 1710 2550 οἶμαι,
1757 2469 1994 2549 τέρψιν,
2041 2467 2175 2531 ἀλλ’
2213 2469 2396 2550 ὅμως
2427 2476 2540 2533 otc.
2588 2468 2731 2532 Hel.
2766 2470 2912 2531 242.
2960 2468 3111 2539 Διὸς

650 2558 1098 2641 ὑπαγκάλισμα
1145 2556 1378 2640 σεμνὸν
1410 2555 1601 2640 “Ηρα.
1666 2557 1805 2620 Tro.
1857 2558 2001 2620 752.
2058 2558 2503 2640 ὑπαγκάλισμα
2558 2558 2748 2641 μητρὶ
2801 2558 3111 2640 φίλτατον.

651 2649 885 2713 Herod.
935 2647 1052 2712 IX.
1101 2650 1205 2712 49.
1251 2649 1554 2730 ἐπαρθεὶς
1598 2654 1821 2731 ψυχρῇ
1872 2649 2030 2731 νίκῃ.
2088 2647 2394 2732 Lycophr.
2447 2649 2592 2711 308.
2640 2648 3110 2729 ἐναγκάλισμαι.

832 2739 978 2802 652.
1026 2737 1241 2822 ἕλκος]
1290 2736 1377 2800 Cf.
1425 2736 1525 2800 Fr.
1575 2739 1721 2801 807.
1770 2737 1999 2811 ἀείζων
2044 2737 2245 2808 ἕλκος.
2294 2738 2522 2802 Aesoh.
2572 2739 2688 2820 Ag.
2739 2737 2885 2801 640.

831 2828 994 2890 653.
1025 2825 1296 2911 πτύσας]
1345 2826 1435 2892 Cf.
1471 2827 1694 2891 Aescb.
1726 2826 1911 2889 Eum.
1948 2827 2096 2889 303.
2146 2826 2288 2890 οὐδ’
2335 2827 2733 2909 ἀντιφωνεῖς,
2781 2825 2914 2889 ἀλλ’
2945 2826 3109 2889 ἀπο-

650 2917 860 2987 πτύεις
921 2916 1168 2998 λόγους.
1233 2918 1364 2999 Ας.
1404 2917 1550 2978 953.
1624 2915 1996 2985 ἀποπτύσας
2073 2916 2257 2980 δίκαν
2330 2916 2685 2997 ὂυσκρίτων
2749 2915 3109 2996 ὀνειράτων.

658 3007 843 3070 1192.
891 3006 1256 3069 ἀπέπτυσαν
1295 3005 1304 3088 Ι
1346 3004 1533 3075 εὐνὰς
1564 3004 1865 3086 ἀόελφοῢ.
1906 3004 2055 3069 Cho.
2084 3007 2225 3068 195.
2258 3005 2427 3069 τόνδ’
2461 3005 2818 3070 ἀποπτύσαι
2848 3004 3109 3069 πλόκον.

647 3096 842 3162 Arist.
890 3094 1045 3158 Ran.
1100 3095 1286 3158 1179.
1350 3094 1473 3157 κάν
1518 3095 1684 3176 (κῆν)
1728 3117 1858 3157 που
1925 3094 2019 3165 ‹324-
2082 3096 2242 3158 εἴπω
2287 3094 2513 3158 ταύτὸν
2561 3132 2644 3141 —
2690 3095 3109 3158 κατάπτυσον.

651 3183 802 3248 Eur.
851 3182 954 3247 Or.
1006 3183 1194 3247 1109.
1242 3183 1378 3268 Iph.
1429 3186 1504 3246 A.
1552 3185 1700 3246 461.
1748 3183 1883 3266 Iph.
1930 3184 1993 3247 T.
2044 3183 2192 3246 369.
2337 3184 2494 3248 ὡσεί
2533 3183 2629 3269 τε]
2679 3183 2768 3248 Cf.
2815 3183 2910 3247 El.
2960 3185 3110 3248 234.

649 3273 860 3356 ματὴρ
918 3273 1074 3347 ὡσεί
1130 3297 1219 3343 τις
1262 3273 1463 3336 πιστά.
1542 3271 1648 3336 Sic
1695 3273 1915 3355 ὥσπερ
1963 3280 2028 3337 et
2071 3273 2372 3354 ὡσπερεί,
2442 3274 2605 3338 ὥστε
2651 3274 2866 3354 (1033.
2917 3276 3105 3353 587.),

651 3363 725 3434 ὅς
768 3386 859 3436 τε,
923 3364 988 3433 ἐς
1032 3386 1122 3436 τε,
1187 3365 1290 3445 ἐφ’
1346 3359 1406 3445 ᾦ
1443 3386 1532 3436 τε,
1580 3369 1693 3427 ete.
1876 3362 2033 3426 ὡσεί
2071 3386 2136 3426 τε
2183 3362 2497 3448 ὀυσμενῆ]
2565 3361 2657 3426 Cf.
2704 3361 2865 3426 Phil.
2920 3364 3110 3425 1323.

651 3457 890 3534 στυγεῖς
933 3452 1237 3534 πολέμιον
1284 3452 1567 3535 ὸυσμενῆ
1610 3452 1679 3516 θ’
1727 3453 2100 3534 ἡγούμενος.

831 3542 978 3604 654.
1027 3541 1113 3604 Cf.
1160 3542 1309 3605 Eur.
1358 3541 1492 3625 Iph.
1543 3544 1617 3604 A.
1667 3542 1815 3604 453.
1868 3541 2085 3623 ’Ἄιόης
2149 3565 2260 3614 νιν,
2327 3542 2420 3612 ὡς
2493 3543 2686 3614 ἔοικε,
2761 3542 3110 3624 νυμφεύσει

648 3632 825 3714 τάχα.
874 3630 1075 3695 Orest.
1127 3632 1315 3694 1109.
1360 3630 1495 3714 Iph.
1542 3629 1606 3692 Τ.
1656 3631 1802 3693 355.
1849 3629 1945 3693 El.
1999 3631 2185 3693 1139.

830 3721 976 3784 658.
1026 3718 1129 3783 Sic
1177 3721 1275 3801 Aj.
1324 3721 1470 3783 971.
1536 3718 1700 3801 πρὸς
1762 3718 1930 3782 ταῦτ’
1986 3718 2335 3790 Ὀδυσσεὺς
2400 3721 2467 3783 ἐν
2521 3694 2728 3790 κενοῖς
2781 3720 3108 3803 ὕβριζέτω.

739 3810 1095 3893 ἐφυμνείτω
1142 3809 1257 3872 Δία
1304 3808 1635 3894 ξύναιμον]
1683 3807 1774 3872 Cf.
1808 3809 2032 3871 Aesch.
2064 3806 2249 3871 Eum.
2284 3810 2429 3872 902.
2476 3811 2534 3873 τί
2576 3807 2692 3873 οὖν
2735 3808 2807 3891 μ’
2852 3810 3111 3892 ἄνωγας

647 3900 784 3983 τῇῦ’
832 3901 1191 3981 ἐφυμνῆσαι
1235 3899 1453 3981 χθονί,·

831 3985 976 4052 659.
1027 3987 1116 4052 Cf.
1177 3987 1322 4050 Eur.
1379 3987 1568 4071 Hipp.
1617 3987 1765 4051 413.
1840 3988 1991 4051 ὅταν
2055 3987 2175 4070 γὰρ
2244 3987 2473 4070 αἰσχρὰ
2538 3994 2729 4052 τοῖσιν
2793 3988 3110 4052 ἐσθλοῖσιν

652 4079 842 4161 ὀοκῇ,
883 4079 893 4162 Ι
934 4077 973 4161 ἦ
1020 4078 1223 4158 κάρτα
1272 4076 1441 4150 δόξει
1486 4083 1614 4147 τοῖς
1657 4083 1883 4147 κακοῖς
1929 4075 2083 4140 εἶναι
2128 4078 2307 4141 καλά.
2443 4078 2518 4141 τά
2567 4077 2624 4160 γ’
2672 4076 2926 4162 ἐγγενῆ]
2975 4077 3022 4141 1.
3057 4098 3109 4141 e.

648 4169 797 4239 τούς
845 4167 901 4250 γ’
939 4168 1016 4230 «ἐν
1061 4169 1238 4252 γένει.
1288 4164 1378 4229 Cf..
1407 4165 1574 4230 O.R.
1603 4167 1790 4229 1430.
1837 4172 1965 4236 τοῖς
2011 4167 2078 4229 ἐν
2120 4168 2294 4247 γένει.
2348 4167 2537 4231 1016.
2585 4167 2760 4231 etad
2794 4168 2892 4248 Aj.
2918 4167 3108 4230 1022.

831 4258 977 4320 660.
1024 4257 1279 4339 ἄκοσμα
1343 4254 1616 4339 θρέψω]
1684 4254 1778 4318 Cf.
1829 4254 1899 4317 Ο.
1934 4254 2004 4318 R.
2055 4257 2155 4318 98.
2229 4256 2387 4339 μηδ
2453 4257 2798 4339 ἀνήκεστον
2859 4258 3111 4338 τρέφειν

649 4348 965 4429 (μίασμα).
1013 4345 1164 4409 Eur.
1212 4346 1411 4409 Andr.
1463 4347 1608 4408 711.
1665 4344 1747 4408 ἔτ’
1796 4345 1863 4407 ἐν
1916 4344 2089 4426 Φθίᾳ
2135 4344 2193 4409 σ’
2240 4346 2368 4427 ἐγὼ
2410 4347 2418 4428 Ι
2460 4347 2697 4428 θρέψω
2743 4347 2945 4427 μέγαν
2993 4357 3111 4410 ete.

739 4434 1028 4519 ἄκοσμα]
1079 4434 1391 4516 Unruly.
1545 4432 1782 4518 κάρτα]
1830 4433 2026 4497 Most
2071 4435 2492 4515 assuredly.
2637 4434 2784 4504 τοὺς
2830 4436 2958 4508 ἔξω
3007 4437 3108 4516 γέ-

649 4523 832 4610 νους]
881 4523 968 4587 Cf.
1018 4523 1088 4586 Ο.
1120 4524 1193 4588 R.
1246 4525 1433 4592 1430.
1476 4530 1605 4594 τοῖς
1650 4524 1717 4587 ἐν
1765 4523 1937 4605 γένει.
1992 4525 2179 4587 1016.
