3463 5287
1430 466 1437 473 ’
1452 489 1715 537 nnn-<mu
2686 478 2718 540 1
2728 476 2811 541 65

541 648 707 711 1477
744 668 834 730 sq.
884 647 973 712 Cf.
1022 649 1247 713 Aeseh.
1298 649 1445 714 Cho.
1495 651 1641 714 886.
1697 651 1806 715 τὸν
1861 654 2065 726 ζῶντα
2112 653 2347 718 καίνειν
2391 653 2539 726 τοὺς
2583 656 2810 739 τεθνη-

356 736 550 807 κότας
596 738 777 818 λέγω.

543 827 727 889 1479.
776 829 1018 910 ξυνῆκα
1070 828 1338 913 τοῦπος]
1415 827 1503 892 Cf.
1558 831 1776 893 Aesch.
1827 830 1974 894 Cho.
2024 833 2171 895 887.
2238 835 2304 896 οἲ
2365 833 2505 914 ’γώ·
2571 836 2812 916 ξυνῆκα

356 918 594 986 τοῦπος
638 918 710 989 ἐξ
754 917 1154 998 αἰνιγμάτων.
1232 917 1360 982 Ubi
1410 918 1913 1000 Clytaemnestra
1955 921 2253 1004 loquitur.

544 1007 729 1068 1482.
776 1007 975 1087 πάρες
1020 1006 1139 1091 -]
1198 1005 1285 1070 Cf.
1334 1008 1525 1071 Arist.
1573 1008 1686 1091 Eq.
1740 1011 1885 1072 341.
1942 1012 2140 1093 πάρες
2189 1049 2268 1056 -
2320 1012 2495 1094 αὐτῷ
2551 1012 2812 1095 διαρρα-

359 1101 557 1178 γῆναι.
606 1094 841 1159 Herod.
894 1095 1033 1158 VII.
1088 1097 1229 1159 161.
1277 1097 1450 1178 ἄλλῳ
1499 1097 1568 1161 δὲ
1613 1100 1989 1181 παρήσομεν
2036 1100 2246 1163 οὐδενὶ
2290 1102 2675 1183 ναυαρχέειν.

544 1186 729 1247 1483.
775 1186 897 1247 κᾶν
945 1184 1214 1268 σμικρὸν
1270 1186 1483 1270 εἰπεῖν]
1551 1186 1639 1250 Cf.
1688 1189 1787 1269 Aj.
1843 1189 2027 1251 1078.
2094 1189 2224 1252 ἀλλ’
2289 1190 2491 1272 ἄνδρα
2555 1190 2678 1274 χρὴ
2729 1228 2810 1237 —-

361 1275 572 1338 δοκεῖν
615 1280 825 1337 πεσεῖν
870 1276 950 1337 ἂν
996 1276 1117 1337 κᾶν
1163 1275 1292 1338 ἀπὸ
1348 1281 1622 1358 σμικροῦ
1678 1283 1906 1341 κακοῦ.
1967 1279 2155 1341 Arist.
2205 1278 2349 1360 Lys.
2400 1278 2545 1341 671.
2593 1281 2650 1342 εἰ
2692 1279 2813 1362 γὰρ

358 1363 621 1426 ἐνδώσει
668 1388 755 1433 τις
800 1365 990 1446 ἡμῶν
1043 1365 1252 1428 ταῖσδε
1306 1367 1429 1428 κᾶν
1486 1365 1762 1448 σμικρὰν
1808 1366 2026 1448 λαβὴν,
2075 1373 2186 1431 etc.
2248 1367 2403 1431 Aah.
2458 1369 2643 1432 1021.
2691 1371 2814 1431 κᾶν

358 1452 525 1516 πέντ’
573 1454 691 1535 ἔτη.
744 1453 930 1535 Vesp.
982 1454 1082 1516 92.
1129 1457 1251 1517 κᾶν
1298 1455 1513 1538 ἄχνην.
1577 1455 1833 1519 Theocr.
1882 1454 2131 1519 XXIII.
2182 1459 2281 1519 35.
2330 1455 2485 1520 ἀλλὰ
2531 1456 2632 1530 τὺ,
2679 1464 2810 1531 παῖ,

356 1544 481 1605 κᾶν
544 1548 726 1606 τοῦτο
789 1543 1181 1606 πανύστατον
1245 1544 1369 1606 ἁδύ
1424 1568 1477 1606 τι
1535 1545 1739 1625 ῥέξον.
1806 1547 1904 1628 Aj.
1959 1545 2144 1608 1078.
2212 1546 2423 1609 δοκεῖν
2477 1553 2688 1610 πεσεῖν
2734 1549 2813 1609 ἂν

357 1633 622 1714 (τοῦτον)
669 1633 791 1694 κᾶν
838 1631 967 1695 ἀπὸ
1015 1639 1287 1714 σμικροῦ
1334 1639 1560 1697 κακοῦ.

544 1722 710 1784 1485
744 1740 836 1802 sq.
886 1719 973 1783 Cf.
1025 1725 1169 1786 Ant.
1219 1723 1339 1785 461
1381 1741 1471 1804 sq.
1521 1723 1619 1805 Aj.
1668 1723 1816 1785 473.
1867 1723 2091 1786 Aesch.
2130 1725 2248 1805 Ag.
2289 1724 2473 1787 1299.
2523 1724 2643 1787 οὐκ
2691 1725 2812 1788 ἔστ’

358 1811 598 1884 ἄλυξις,
655 1808 712 1874 ὥ
760 1812 952 1884 ξένοι,
1009 1812 1246 1893 χρόνου
1293 1811 1485 1875 πλέω.
1667 1811 1783 1875 σὺν
1829 1818 2051 1882 κακοῖς
2095 1813 2528 1896 μεμιγμένων]
2580 1812 2665 1877 Of.
2714 1815 2812 1896 Aj.

360 1901 506 1963 895.
555 1901 705 1981 οἴτῳ
750 1900 916 1981 τῷδε
963 1901 1459 1983 συγκεκραμένη.
1518 1902 1665 1963 Ant.
1722 1902 1907 1964 1311.
1966 1900 2201 1983 δειλαίᾳ
2259 1902 2328 1965 δὲ
2375 1903 2814 1985 συγκέκραμαι

360 1990 499 2071 δύᾳ.
546 1988 641 2052 Tr.
693 1986 837 2052 662.
887 1990 1121 2053 Herod.
1158 1988 1296 2052 VII.
1332 1992 1476 2054 203.
1526 1989 1680 2054 εἶναι
1728 1990 1798 2053 δὲ
1831 1990 2065 2072 θνητὸν
2112 1991 2341 2054 οὐδένα
2376 1991 2527 2054 οὐδὲ
2559 1992 2814 2055 ἔσεσθαι

357 2087 449 2161 τῷ
495 2077 699 2141 κακὸν
747 2081 818 2153 ἐξ
864 2079 1066 2161 ἀρχῆς
1113 2080 1426 2161 γινομένῳ
1474 2081 1552 2143 οὗ
1600 2080 1969 2162 συνεμίχθη.
2019 2079 2199 2142 Pind.
2248 2079 2315 2142 P.
2363 2078 2481 2142 XI.
2521 2081 2623 2144 41.
2671 2082 2815 2145 οὔτε

361 2176 560 2252 γῆρας
593 2205 674 2214 -
709 2170 1007 2249 κέκραται
1055 2170 1193 2250 ἱερᾷ
1239 2170 1440 2250 γέννᾳ.
1489 2168 1854 2252 Metaphora
1901 2189 1938 2231 a
1985 2170 2117 2232 Vini
2167 2170 2431 2232 mistura
2478 2176 2746 2253 sumpta.

546 2258 708 2320 1487
745 2277 836 2339 sq.
885 2257 973 2321 cf.
1023 2257 1172 2321 Eur.
1219 2258 1353 2320 Ion.
1403 2259 1548 2320 933.
1605 2257 1837 2339 θηρσὶν
1877 2296 1950 2303 -
1989 2259 2336 2340 τύμβευμα.
2386 2260 2614 2322 Aesch.
2650 2258 2815 2342 Sept.

360 2350 462 2410 24.
504 2348 687 2410 1020.
736 2347 949 2427 Byron
1004 2347 1228 2410 Bride
1276 2345 1351 2409 of
1396 2346 1706 2430 Abydos
1755 2347 1832 2410 II.
1867 2348 1967 2409 26.
2016 2348 2238 2411 ‘What
2268 2347 2449 2412 recks
2496 2349 2547 2411 it
2577 2348 2813 2431 though

358 2438 493 2500 that
539 2455 715 2500 corse
771 2436 931 2499 shall
990 2436 1068 2500 be
1109 2437 1118 2519 Ι
1165 2436 1377 2499 within
1428 2456 1465 2498 a
1513 2438 1714 2518 living
1767 2438 2000 2519 grave?
2040 2434 2050 2520 Ι
2090 2435 2218 2499 The
2276 2435 2414 2499 bird
2474 2438 2607 2500 that
2653 2443 2817 2502 tears

359 2528 494 2589 that
538 2531 845 2609 prostrate
892 2528 1050 2588 form
1094 2526 1104 2607 1
1146 2526 1291 2589 bath
1343 2525 1496 2607 only
1546 2525 1766 2588 robb’d
1818 2527 1922 2588 the
1972 2544 2228 2589 meaner
2278 2525 2510 2589 worm.'

546 2617 731 2678 1489.
779 2616 1069 2679 ἄποπτον
1119 2654 1197 2662 -
1250 2614 1461 2698 ἡμῶν]
1526 2614 1574 2678 I.
1625 2635 1681 2698 q.
1730 2616 1999 2679 ἄπωθεν
2047 2616 2251 2698 ἡμῶν.
2301 2615 2395 2678 Cf.
2443 2613 2513 2679 Ο.
2549 2614 2618 2679 R.
2671 2617 2815 2679 762.

359 2707 453 2776 ὡς
499 2707 782 2769 πλεῖστον
829 2707 920 2788 εἴη
969 2706 1141 2769 τοῦδ’
1190 2706 1474 2774 ἄποπτος
1506 2706 1760 2775 ἄστεως.
1810 2704 1920 2768 Ph.
1955 2705 2101 2767 467.
2135 2708 2232 2787 Aj.
2263 2706 2357 2768 15.
2408 2707 2475 2778 ἐξ
2507 2707 2814 2769 ἀπόπτου.

547 2797 729 2857 1491.
778 2794 988 2875 λόγων
1044 2833 1119 2840 -—
1168 2793 1370 2877 ἁγὼν]
1448 2795 1539 2857 Cf.
1598 2794 1747 2857 Eur.
1798 2795 1995 2857 Andr.
2043 2796 2188 2857 233.
2255 2796 2340 2865 εἰς
2386 2795 2584 2877 ἀγῶν’
2650 2797 2817 2876 ἔρχει

360 2885 587 2966 λόγων.
636 2883 874 2947 Phoen.
927 2885 1114 2946 1330.
1164 2882 1266 2947 Or.
1317 2884 1462 2946 837.
1511 2882 1677 2947 Xeu.
1725 2882 1867 2945 Lae.
1918 2886 1975 2964 8,
2024 2886 2082 2945 4.

544 2975 730 3035 1495.
776 2974 866 3056 μὴ
917 2972 1129 3057 τάσσε]
1177 2972 1224 3035 Ι.
1275 2993 1330 3055 q.
1377 2973 1468 3055 μὴ
1519 2973 1804 3036 ἑπίτασσε
1851 2979 1958 3036 aut
2003 2973 2093 3056 μὴ
2128 2974 2497 3054 πρόστασσε.
2558 2970 2817 3036 Cf.Ant.

364 3065 511 3128 734.
561 3062 720 3126 Phil.
771 3065 826 3124 6.
880 3063 1066 3124 1144.
1132 3061 1202 3125 Ο.
1238 3061 1302 3124 C.
1353 3064 1498 3124 851.
1556 3063 1654 3144 Aj.
1706 3065 1851 3124 528.
1911 3063 2056 3125 Eur.
2107 3063 2202 3125 Fr.
2255 3063 2398 3125 691.
2447 3062 2689 3125 τάσσειν
2749 3061 2818 3125 δὲ

358 3153 601 3235 μᾶλλον
636 3155 671 3234 ἢ
710 3152 1132 3215 ’πιτάσσεσθαι
1164 3152 1375 3220 θέλοις
1407 3151 1711 3230 (θέλειςΡ).
1948 3152 2111 3212 1497
2148 3171 2237 3232 sq.
2287 3151 2377 3215 Cf.
2429 3152 2573 3214 515.

547 3242 731 3304 1498.
778 3241 851 3303 τά
916 3240 968 3302 τ’
1034 3242 1182 3304 ὄντα
1248 3240 1353 3303 καὶ
1416 3241 1721 3321 μέλλοντα
1785 3278 1863 3285 --
1923 3239 2125 3322 κακά]
2202 3240 2290 3303 Cf.
2342 3241 2486 3302 991.
2556 3239 2663 3303 καὶ
2726 3248 2819 3322 τῷ

362 3332 598 3412 λέγοντι
661 3330 768 3393 καὶ
831 3330 1081 3393 κλύοντι
1147 3331 1502 3412 σύμμαχος.
1579 3328 1728 3391 Eur.
1779 3329 1871 3391 ΕΙ.
1923 3331 2067 3391 301.
2133 3330 2325 3411 τύχας
2387 3330 2645 3412 βαρείας
2708 3329 2818 3399 τὰς

361 3421 520 3503 ἐμὰς
565 3421 781 3502 κάμοῦ
828 3420 1080 3501 πατρός.
1132 3422 1276 3481 303.
1325 3418 1490 3499 τάμὰ
1539 3419 1645 3480 καὶ
1690 3420 1902 3482 κείνου
1949 3418 2136 3480 κακά.

507 3511 732 3573 1499.
777 3511 995 3590 μάντις
1047 3545 1124 3553 -
1174 3506 1407 3590 ἄκρος]
1484 3506 1573 3571 Cf.
1624 3507 1849 3570 Aeseh.
1900 3509 2016 3590 Ag.
2068 3508 2211 3569 628.
2278 3507 2536 3589 τοξότης
2600 3508 2815 3587 ἄκρος.

368 3601 552 3662 1130.
602 3600 679 3663 οὗ
727 3596 1126 3680 κομπάσαιμ’
1173 3600 1251 3660 ἂν
1296 3598 1640 3680 θεσφάτων
1688 3599 1971 3678 γνώμων
2017 3597 2216 3678 ἄκρος
2257 3596 2265 3679 Ι
2307 3595 2475 3660 εἶναι.

544 3690 731 3751 1500.
781 3688 913 3750 ἀλλ’
962 3689 1039 3750 οὐ
1086 3687 1392 3769 πατρῴαν
1438 3687 1549 3770 τὴν
1590 3687 1814 3768 τέχνην
1860 3684 2263 3768 ἐκόμπασας]
2315 3684 2401 3748 Cf.
2435 3686 2627 3747 Arist.
2661 3684 2819 3748 Rau.

367 3778 554 3841 1146.
620 3778 697 3840 οὐ
764 3777 885 3859 γὰρ
948 3785 1250 3858 πατρῷον
1296 3782 1479 3839 τοῦτο
1535 3777 1822 3859 κέκτηται
1873 3777 2074 3858 γέρας.
2154 3774 2392 3839 Similis
2451 3794 2669 3838 versus
2726 3779 2822 3837 est

362 3869 461 3949 Aj.
514 3869 699 3930 1121.
750 3869 827 3930 οὗ
876 3867 996 3948 γὰρ
1042 3868 1366 3949 βάναυσον
1412 3865 1523 3947 τὴν
1568 3867 1790 3948 τέχνην
1838 3866 2215 3947 ἐκτησάμην.

550 3957 733 4018 1502.
780 3955 1070 4039 ὑφηγοῦ]
1120 3955 1207 4019 Cf.
1254 3955 1506 4017 Theoer.
1555 3955 1635 4017 II.
1691 3956 1833 4017 101.
1883 3955 2127 4036 ὗφάγεο
2174 3954 2338 4036 τᾷδε.

547 4048 732 4109 1505.
782 4046 986 4130 δίκην]
1037 4045 1386 4126 Poenam,
1434 4044 1912 4127 supplicium.

545 4136 732 4199 1510.
780 4142 852 4217 τῇ
900 4142 1013 4198 νῦν
1046 4134 1250 4218 ὁρμῇ]
1301 4133 1386 4196 Cf.
1419 4133 1515 4195 Tr.
1542 4134 1686 4196 721.
1719 4135 1868 4196 Ant.
1899 4134 2039 4195 135.
2176 4131 2507 4216 τελεωθέν]
2558 4131 2821 4195 Formae

362 4225 565 4295 τέλεος
620 4233 684 4288 et
738 4225 987 4287 τελεοῦν
1042 4223 1297 4287 Ionicae
1363 4229 1426 4285 et
1489 4223 1704 4305 epieae
1770 4230 1942 4302 sunt,
2009 4224 2225 4302 itaque
2284 4222 2493 4284 locum
2549 4223 2614 4284 in
2673 4240 2821 4282 ana-

361 4316 595 4398 paestis
641 4313 891 4376 habent.
952 4314 1024 4374 V.
1058 4312 1292 4377 Herod.
1326 4312 1372 4375 I.
1414 4313 1553 4373 120.
1597 4310 1709 4374 ΙΙΙ.
1747 4313 1847 4373 86.
1894 4312 2084 4374 Timo.
2123 4311 2228 4373 VI.
2266 4313 2365 4374 32.
2414 4311 2821 4378 τελεώσαντες

363 4405 731 4484 (τελέσαντες
780 4409 946 4467 recte
994 4403 1085 4482 E.)
1133 4403 1241 4472 τὰς
1287 4400 1583 4469 σπονδάς.
