3463 5287
1298 447 1550 494 mammas
1597 448 1901 496 cononum
2697 431 2823 495 261

368 607 477 673 καὶ
537 606 758 692 μητέρ’
813 608 967 691 ἄλλη
1035 607 1283 693 (αίνὴΡ)
1335 614 1530 692 μοῖρα
1596 607 1705 674 τὸν
1769 608 2055 692 φύσαντά
2102 633 2164 674 τε
2212 608 2222 693 Ι
2271 609 2565 674 καθεῖλεν
2606 610 2826 673 Ἅιδου

370 698 773 781 θανασίμους
819 699 1174 781 οἰκήτορας.

553 787 743 852 1690.
789 786 1003 871 mac]
1053 787 1228 853 Sors
1270 787 1549 852 fatalis.
1625 788 1674 851 I.
1724 808 1783 871 q.
1829 793 2042 871 μοῖρα.
2122 785 2207 851 Cf.
2261 790 2354 871 Aj.
2405 788 2550 851 517.

554 877 740 941 1691.
785 878 925 960 βίος
971 877 1048 940 οὗ
1093 876 1357 960 βιωτός]
1407 876 1496 941 cf.
1530 877 1827 941 Aeschin.
1868 877 1965 960 17,
2004 877 2100 939 17.
2148 877 2424 960 ἀβίωτον
2470 877 2827 961 ἡγούμενος

371 965 523 1031 εἶναι
585 966 695 1031 τὸν
758 965 982 1030 λοιπὸν
1042 967 1184 1050 βίον
1248 967 1520 1049 ἐμαυτῷ.
1610 963 1705 1031 De
1761 965 1948 1031 Falsa
2002 966 2120 1049 leg.
2168 967 2444 1049 ἀβίωτον
2507 964 2666 1030 εἶναί
2714 990 2827 1050 μοι

370 1055 478 1120 τὸν
540 1057 682 1139 βίον
745 1057 1044 1138 νομίζων.
1110 1055 1482 1140 Antiphont.
1546 1057 1699 1139 122,
1760 1056 1860 1119 16.
1936 1056 2212 1139 ἀβίωτον
2283 1055 2353 1119 τὸ
2429 1055 2653 1121 λοιπὸν
2714 1062 2827 1121 τοῦ

367 1146 512 1229 βίου
561 1146 778 1219 διάξω.
843 1145 1038 1209 Arist.
1087 1144 1177 1207 Pl.
1229 1146 1373 1209 970.
1438 1145 1713 1228 ἀβίωτον
1778 1144 1937 1210 εἶναί
1992 1170 2105 1229 μοι
2164 1146 2472 1229 πεποίηκε
2516 1145 2626 1211 τὸν
2668 1147 2827 1229 βίον.

370 1234 522 1298 Eur.
560 1235 693 1298 Ion.
730 1235 874 1298 670.
922 1234 1195 1317 ἀβίωτον
1241 1235 1408 1317 ἡμῖν.
1457 1232 1608 1299 Her.
1659 1234 1805 1298 606.
1854 1235 1931 1299 οὗ
1976 1236 2309 1318 βιώσιμον.

554 1325 741 1388 1692.
788 1321 847 1388 ὦ
913 1323 1148 1406 διδύμα
1199 1361 1282 1370 -
1331 1322 1582 1408 ἀρίστα]
1654 1321 1878 1388 Dualis
1923 1325 2176 1388 numeri
2231 1324 2527 1389 feminini
2574 1326 2829 1409 generis

373 1414 662 1478 vocativi.
743 1413 1054 1477 Construe
1100 1410 1159 1476 ὦ
1207 1412 1441 1495 διδύμα
1490 1413 1708 1494 ἀρίστα
1754 1413 2012 1478 τέκνων.

556 1503 739 1565 1693.
786 1501 856 1566 τὸ
901 1501 1113 1585 παρὸν
1158 1503 1230 1566 ἔκ
1276 1500 1470 1586 θεοῦ]
1535 1502 1584 1567 Ι.
1634 1521 1691 1585 q.
1738 1501 1809 1566 τὸ
1855 1504 2059 1577 θεῖον,
2115 1501 2188 1566 τὰ
2245 1504 2389 1567 θεῖα
2437 1504 2653 1584 (Arist.
2702 1505 2826 1568 AV.

375 1592 518 1656 961.
582 1592 656 1655 τὰ
720 1592 862 1656 θεῖα
916 1591 1008 1675 μὴ
1065 1592 1331 1674 φαύλως
1376 1593 1570 1674 φέρε).
1649 1590 1741 1655 Cf.
1795 1592 1982 1655 1540.
2028 1593 2184 1657 τούκ
2230 1592 2390 1656 θεοῦ
2437 1593 2663 1675 παρόν.
2711 1593 2825 1658 ΡΙ1.

377 1682 519 1744 149.
583 1686 785 1763 πειρῶ
843 1680 914 1745 τὸ
969 1680 1179 1764 παρὸν
1233 1680 1626 1762 θεραπεύειν.
1690 1679 1850 1745 Plat.
1900 1680 2086 1765 Gorg.
2137 1682 2264 1745 499
2299 1680 2365 1745 C.
2421 1681 2667 1765 ἀνάγκη
2713 1706 2826 1766 μοι

375 1808 458 1816 -
504 1769 573 1834 τὸ
619 1769 828 1853 παρὸν
873 1769 943 1834 εὖ
989 1776 1206 1834 ποιεῖν.
1283 1770 1387 1834 Ad
1451 1789 1586 1835 rem
1650 1771 1724 1834 cf.
1775 1769 1934 1833 Phil.
1986 1771 2175 1834 1316.
2241 1770 2645 1853 ἀνθρώποισι
2707 1772 2826 1854 μὲν

370 1860 442 1923 ἐκ
488 1860 665 1924 θεῶν
704 1858 714 1941 Ι
753 1859 946 1942 τύχας
1003 1860 1298 1930 δοθείσας
1351 1858 1473 1923 ἔστ’
1519 1860 1864 1941 ἀναγκαῖον
1911 1861 2143 1943 φέρειν.
2200 1858 2298 1923 Fr.
2348 1862 2494 1924 521.
2551 1860 2761 1943 χρεὼν
2813 1858 2821 1948 Ι

370 1949 444 2013 τὰ
490 1949 634 2013 θεῖα
682 1947 957 2032 θνητοὺς
1002 1949 1188 2019 ὄντας
1233 1949 1510 2019 εὐπετῶς
1549 1950 1781 2031 φέρειν.
1831 1948 1981 2012 Eur.
2015 1949 2253 2013 Phoen.
2288 1949 2435 2013 393.
2485 1950 2584 2014 δεῖ
2607 1950 2824 2033 φέρειν

370 2038 443 2102 τὰ
490 2043 618 2102 τῶν
663 2038 856 2103 θεῶν.
927 2038 1114 2102 1776.
1177 2036 1287 2108 τὰς
1352 2038 1472 2119 γὰρ
1538 2039 1610 2102 ἔκ
1655 2038 1835 2102 θεῶν
1898 2037 2182 2120 ἀνάγκας
2237 2038 2474 2122 θνητὸν
2533 2040 2682 2103 ὄντα
2733 2039 2833 2103 δεῖ

373 2130 606 2211 φέρειν.
654 2126 803 2192 Her.
855 2127 1000 2190 618.
1046 2127 1120 2189 τὰ
1167 2129 1345 2192 θεῶν
1389 2128 1561 2210 φέρε.
1606 2126 1802 2192 Thuc.
1851 2129 1909 2211 2,
1958 2128 2058 2192 64.
2106 2128 2321 2211 φέρειν
2364 2152 2429 2192 τε
2473 2128 2596 2211 χρὴ
2645 2128 2720 2192 τά
2765 2152 2829 2192 τε

373 2216 667 2301 δαιμόνια
714 2217 1078 2298 ἀναγκαίως
1122 2217 1248 2280 κτλ.

555 2307 742 2370 1695.
791 2308 961 2371 οὔτοι
1034 2304 1428 2389 κατάμεμπτ’
1503 2304 1761 2390 ἔβητον]
1837 2305 2137 2389 Anglice‚
2210 2325 2366 2389 you
2441 2306 2627 2371 have
2696 2312 2831 2371 not

369 2397 581 2463 sared
627 2416 707 2461 so
754 2395 1000 2478 badly.
1080 2395 1170 2459 cf.
1204 2393 1367 2459 O.R.
1403 2396 1548 2458 882.
1596 2395 1654 2458 εί
1696 2395 1769 2459 δέ
1811 2419 1899 2466 τις
1939 2396 2265 2477 ὖπέροπτα
2312 2394 2523 2479 χερσὶν
2568 2398 2608 2479 ἢ
2655 2396 2831 2478 λόγῳ

370 2487 728 2569 πορεύεται,
776 2485 902 2549 κτλ.
980 2482 1285 2549 Similiter
1326 2485 1458 2549 fere
1505 2484 1731 2549 Aesch.
1780 2484 1995 2569 Suppl.
2045 2485 2230 2550 1062.
2282 2485 2357 2549 τὰ
2403 2485 2581 2550 θεῶν
2624 2486 2830 2569 μηδὲν

371 2576 638 2658 ἀγάζειν.
776 2573 1153 2659 φλέγεσθον]
1219 2572 1613 2659 Suspectum.
1692 2573 1898 2639 Schol.
1962 2575 2054 2659 μὴ
2112 2575 2334 2659 ἄκρως
2390 2575 2701 2658 φλέγεσθε
2756 2574 2827 2639 τὸ

372 2669 446 2730 ἐκ
492 2666 653 2730 θεοῦ
699 2665 1000 2748 πεμφθὲν
1046 2665 1527 2747 δυσανασχέτως
1572 2665 1901 2748 φέρουσαι.
1981 2663 2158 2741 Quae
2213 2666 2554 2749 explicatio
2601 2684 2828 2749 parum

372 2755 692 2820 satisfacit.

554 2845 741 2908 1696.
788 2845 866 2908 οὔ
927 2868 1021 2908 τοι
1083 2840 1477 2926 κατάμεμπτ’
1542 2843 1792 2929 ἔβητον]
1868 2842 1975 2908 Sic
2050 2843 2375 2926 ὖπέροπτα
2438 2843 2830 2927 πορεύεσθαι

373 2933 444 2998 Ο.
477 2933 548 2997 Β.
597 2935 743 2997 883.
821 2932 1024 2997 Schol.
1074 2934 1152 2997 οὔ
1198 2957 1291 2997 τοι
1335 2933 1787 3016 κατάμεμπτος
1831 2934 1944 3016 ἔβη
1985 2934 2473 3016 (καταμέμπτως
2518 2933 2829 3017 ἔβητονῗ),

373 3025 492 3087 οὐκ
548 3024 615 3087 ἐν
676 3023 982 3093 τοιούτοις
1046 3022 1179 3086 ἐστὲ
1242 3022 1404 3086 ὥστε
1475 3023 2027 3105 καταμέμφεσθαι.
2104 3020 2194 3085 Cf.
2245 3022 2335 3086 ΕΙ.
2390 3022 2575 3086 1093.
2631 3023 2829 3105 μοίρᾳ

369 3112 489 3195 μὲν
536 3113 656 3176 οὐκ
704 3115 773 3176 ὲν
819 3113 1019 3194 ἐσθλᾷ
1062 3113 1376 3194 βεβῶσαν.
1432 3112 1617 3174 1056.
1667 3112 1818 3176 ὅταν
1866 3111 1987 3194 γὰρ
2035 3111 2102 3175 ἐν
2148 3117 2372 3181 κακοῖς
2413 3111 2421 3192 Ι
2461 3112 2586 3194 ἤδη
2634 3112 2826 3195 βεβή-

371 3226 516 3284 κῃς,
564 3202 688 3265 κτλ.
739 3202 884 3265 979.
932 3200 1001 3265 εὖ
1046 3201 1387 3284 βεβηκόσιν
1441 3201 1608 3264 ποτέ.
1676 3200 1747 3264 Ο.
1783 3200 1847 3265 C.
1902 3201 2089 3264 1359.
2149 3201 2308 3265 Phil.
2363 3201 2548 3263 1465.
2605 3202 2716 3263 καί
2756 3200 2834 3281 μ’,

373 3290 631 3372 εὖπλοίᾳ
687 3292 950 3373 πέμψον
1005 3291 1369 3374 ἀμέμπτως.
1427 3290 1654 3355 Aesch.
1704 3288 1921 3374 Suppl.
1970 3290 2118 3353 266.
2166 3290 2415 3372 πράξας
2460 3289 2826 3372 ἀμέμπτως.

375 3382 520 3444 624.
568 3379 719 3443 Eur.
768 3379 918 3443 Her.
968 3380 1112 3442 610.

556 3470 743 3533 1698.
793 3466 908 3545 Qu.
963 3470 1069 3532 καὶ
1125 3468 1247 3552 γὰρ
1303 3470 1340 3532 ὃ
1394 3467 1644 3551 μηδάμ’
1703 3469 1827 3550 ἔφυ
1882 3468 2081 3532 καλὸν
2137 3467 2215 3552 ἦν
2260 3468 2461 3550 φίλον.
2540 3465 2630 3531 Cf.
2677 3466 2827 3531 Eur.

373 3558 612 3623 Phoen.
662 3560 809 3622 814.
859 3559 936 3622 οὔ
983 3558 1104 3641 γὰρ
1152 3560 1189 3622 ὃ
1233 3558 1325 3642 μὴ
1374 3558 1574 3622 καλὸν
1620 3558 1841 3621 οὔποτ’
1889 3559 2011 3640 ἔφυ
2058 3557 2272 3622 καλὸν.

556 3648 743 3712 1699.
791 3648 981 3712 ὁπότε
1027 3672 1095 3730 γε
1139 3648 1246 3711 καὶ
1290 3646 1400 3710 τὸν
1447 3645 1565 3731 -]
1623 3644 1809 3711 Latet
1863 3646 1929 3710 in
1991 3648 2089 3711 his
2144 3646 2515 3730 corruptela.
2595 3645 2832 3711 Proba-

372 3736 521 3801 bilis
567 3744 664 3802 est
707 3737 1128 3802 Heimsoethii
1176 3737 1482 3801 correctio
1530 3737 1656 3806 ἕως
1702 3739 1759 3817 γ’
1807 3735 1890 3799 ἔτ’
1936 3735 2129 3800 αὐτὸν
2181 3773 2291 3800 -.

557 3828 744 3890 1700.
792 3825 851 3890 ὦ
897 3826 1108 3911 φίλος]
1157 3825 1245 3891 Cf.
1285 3826 1474 3889 Arist.
1509 3824 1674 3888 Nub.
1714 3825 1903 3888 1168.
1950 3823 2010 3889 ὦ
2055 3826 2265 3909 φίλος,
2312 3823 2371 3889 ὦ
2417 3826 2616 3908 φίλος.
2666 3824 2831 3890 Ο.Β.

379 3918 567 3980 1321.
614 3917 695 3980 ἰὼ
796 3917 940 3987 ίλος.

556 3940 901 4070 1701.φτὸν
966 4005 1060 4068 ἀεὶ
1122 4003 1282 4068 κατὰ
1330 4009 1445 4087 γᾶς
1491 4003 1720 4068 σκότον
1757 4003 1872 4089 -]
1940 4004 2029 4069 Of.
2085 4005 2271 4068 1584.
2334 4003 2430 4067 ΕΙ.
2486 4004 2672 4068 1075.
2733 4005 2828 4087 Aj.

377 4096 523 4159 342.
579 4095 688 4159 τὸν
743 4095 933 4160 εἰσαεὶ
980 4132 1063 4140 -
1109 4094 1361 4177 χρόνον.
1433 4093 1659 4158 Aesch.
1712 4094 1826 4176 Ag.
1882 4094 2067 4159 1450.
2131 4094 2320 4176 μόλοι
2383 4093 2492 4157 τὸν
2555 4092 2651 4157 ἀεὶ
2714 4095 2829 4176 φέ-

372 4187 551 4266 ρουσ’
599 4185 703 4267 ἐφ’
750 4186 901 4268 ἡμῖν
942 4184 951 4266 Ι
993 4182 1191 4266 Μοῖρ’
1239 4184 1561 4247 ἀτέλευτον
1608 4184 1824 4246 ὕπνον.
1873 4183 2029 4247 Plat.
2069 4183 2286 4267 Symp.
2321 4183 2469 4246 208.
2516 4182 2700 4253 κλέος
2745 4183 2832 4253 εἰς

372 4272 481 4338 τὸν
544 4275 638 4338 ἀεὶ
701 4275 940 4357 χρόνον
1003 4274 1325 4337 ἀθάνατον
1388 4273 1804 4337 καταθέσθαι.
1875 4272 2021 4337 Eur.
2070 4273 2305 4337 Phoen.
2356 4272 2504 4350 810.
2570 4271 2607 4334 ὀ
2671 4270 2829 4334 κατὰ

373 4363 615 4445 χθονὸς
648 4364 881 4434 Ἅιδας.
950 4361 1139 4446 Hipp.
1188 4364 1333 4427 836.
1400 4361 1470 4426 τὸ
1534 4362 1694 4425 κατὰ
1762 4367 1876 4444 γᾶς
1921 4363 2177 4444 κνέφας.
2244 4359 2456 4445 Suppl.
2509 4360 2654 4423 799.
2701 4365 2831 4423 τῶν

373 4452 532 4515 κατὰ
579 4453 819 4536 χθονὸς
865 4458 1131 4535 νεκρῶν.
1179 4452 1327 4515 Eur.
1359 4451 1456 4516 Fr.
1493 4453 1639 4515 533.
1687 4451 1725 4515 ό
1775 4451 1833 4514 δ’
1878 4451 2008 4514 ὑπὸ
2055 4456 2171 4533 γᾶς
2216 4450 2382 4532 ᾅδου
2415 4449 2643 4520 σκότος
2690 4448 2835 4513 οὔδ’

375 4543 461 4612 εἰς
506 4543 755 4625 ὄνειρον
802 4542 961 4625 ἡδὺς
1007 4542 1381 4624 ἀνθρώποις
1423 4541 1656 4623 μολεῖν.
1827 4539 2101 4624 εἱμένος]
2161 4538 2251 4604 Cf.
2299 4539 2449 4602 Eur.
2495 4538 2633 4603 Tro.
2682 4538 2830 4618 496.
