3463 5287
595 409 723 472 138
1686 428 1945 473 umcmA

591 587 659 650 ἐν
687 587 853 668 τῷδε
882 587 1113 669 πότμῳ
1141 587 1555 669 τυγχάνουσα.
1700 587 1979 672 ἀγροῖσι]
2028 587 2296 651 Dativus
2325 588 2450 653 loci
2484 593 2557 652 ut
2587 588 2850 672 οὐρανῷ
2897 590 3045 653 714.

591 676 880 759 ἀγοραῖοι
927 676 999 741 Ο.
1031 674 1102 739 R.
1152 678 1254 741 20.
1302 683 1382 761 γῇ
1434 676 1621 740 1266.

770 766 916 828 316.
963 766 1190 849 ἱστόρει
1232 766 1292 828 τί
1332 789 1431 830 σοι
1484 766 1692 851 φίλον]
1760 764 1853 830 Cf.
1901 767 2057 831 Plat.
2104 765 2290 830 Lach.
2346 768 2487 831 189.
2552 767 2678 849 λέγ’
2737 765 2854 831 οὖν
2909 767 2951 830 ὅ
2994 793 3046 831 τι

590 878 690 918 σοι
736 856 938 937 φίλον.
1016 852 1133 931 Qu.
1179 856 1403 939 ἱστόρει
1448 855 1519 918 τό
1566 879 1665 919 σοι
1712 856 1912 938 φίλον.

771 963 915 1026 317.
961 968 1073 1026 τοῦ
1119 963 1496 1045 κασιγνήτου
1550 963 1609 1026 τί
1648 962 1779 1046 φὴς
1826 962 1976 1046 —,·]
2035 962 2123 1027 Cf.
2172 963 2252 1026 ad
2297 962 2394 1027 Tr.
2449 964 2634 1027 1122.
2684 963 2846 1027 Phil.
2896 964 3044 1026 439.

771 1052 918 1116 323.
965 1052 1044 1115 οὗ
1088 1050 1372 1135 μακρὰν]
1419 1051 1584 1116 Non
1629 1052 1775 1116 diu.
1854 1051 1943 1116 Cf.
1998 1053 2184 1116 1389.

771 1142 916 1204 326.
965 1140 1256 1225 ἐντάφια]
1305 1140 1394 1206 Cf.
1442 1140 1592 1204 Eur.
1636 1140 1781 1204 Hel.
1834 1141 2020 1205 1404.

772 1232 917 1294 328.
962 1229 1128 1311 πρὸς
1172 1231 1476 1312 θυρῶνος
1530 1229 1807 1312 ἐξόδοις]
1875 1230 1967 1295 Cf.
2014 1230 2164 1294 Eur.
2212 1230 2346 1293 Ion.
2397 1232 2543 1294 515.
2607 1229 2707 1294 ἐπ’
2772 1231 3047 1304 ἐξόδοισι

597 1356 677 1365 -
723 1320 963 1383 πυλῶν.
1028 1319 1216 1384 Rhes.
1267 1321 1411 1390 514,
1480 1319 1622 1384 Hel.
1675 1320 1864 1382 1165.
1930 1319 2029 1383 ἐπ’
2084 1320 2374 1393 ἐξόδοισι.
2447 1320 2675 1385 Aesch.
2723 1319 2892 1403 Sept.
2942 1322 3044 1384 58.

679 1407 1015 1492 θυρῶνος]
1065 1407 1157 1472 Of.
1208 1405 1277 1472 O.
1309 1409 1381 1474 R.
1438 1410 1622 1472 1242.
1668 1409 1952 1492 παρῆλθ’
1999 1409 2127 1473 ἔσω
2172 1409 2493 1490 θυρῶνος.

771 1517 917 1580 331.
963 1518 1164 1599 θυμῷ
1199 1552 1280 1561 -
1311 1516 1403 1600 μὴ
1451 1516 1821 1599 χαρίζεσθαὶ
1864 1514 2051 1600 κενά]
2101 1515 2192 1580 Of.
2241 1515 2310 1581 O.
2346 1514 2410 1579 C.
2459 1517 2605 1579 855.
2654 1516 2816 1601 ὀργῇ
2861 1517 3047 1599 χάριν

593 1603 774 1678 δοὺς,
849 1606 890 1687 ἤ
945 1608 1001 1670 σ’
1056 1604 1152 1669 ἀεὶ
1214 1603 1587 1688 λυμαίνεται.
1661 1605 1931 1670 Monost.
1991 1607 2137 1669 245.
2211 1606 2414 1689 θυμῷ
2484 1606 2749 1688 χαρίζου
2822 1606 3046 1689 μηδέν.

590 1694 862 1778 Theogn.
887 1697 1076 1758 1224.
1108 1696 1311 1779 θυμῷ
1343 1694 1512 1759 δειλὰ
1543 1696 1950 1778 χαριζομένη.
2085 1694 2272 1778 κενά]
2305 1694 2633 1759 Frustra.
2687 1693 2774 1758 Cf.
2796 1694 2874 1759 ad
2898 1697 3045 1759 962.

774 1785 919 1847 334.
968 1783 1057 1849 οἷ’
1112 1785 1324 1855 αὐτοῖς
1387 1785 1650 1869 φρονῶ]
1718 1785 1808 1849 Cf.
1859 1785 2050 1848 Arist.
2097 1784 2244 1848 Pac.
2293 1783 2439 1848 661.
2504 1782 2630 1866 εἴφ’
2685 1785 2727 1847 ὅ
2767 1808 2821 1847 τι
2884 1790 3049 1855 νοεῖς

592 1874 847 1938 αὐτοῖσι.
902 1874 1061 1938 Aah.
1110 1875 1257 1938 446.
1305 1874 1751 1957 εὐδαιμονοίης
1796 1871 1897 1955 (εὖ
1944 1897 2045 1937 σοι
2092 1873 2432 1957 γένοιτοΡ),
2482 1872 2753 1957 Τηλέφῳ
2800 1871 2860 1937 δ’
2905 1873 3046 1956 ἁγὼ

591 1968 838 2046 φρονῶ.
886 1963 978 2028 Pl.
1030 1964 1175 2026 577.
1222 1969 1619 2047 φρονοῦντας
1663 1965 1883 2046 ἄριστα
1925 1962 1933 2045 Ι
1975 1963 2203 2033 αὐτοῖς.
2249 1962 2311 2027 N
2316 1962 2418 2026 ub.
2471 1962 2658 2025 1411.

773 2054 918 2116 335.
965 2052 1306 2138 ὑφειμένῃ]
1355 2052 1447 2115 Cf.
1500 2054 1689 2116 Arist.
1738 2051 1894 2117 Rau.
1933 2053 2120 2116 1220.
2166 2052 2442 2134 ὕφέσθοι
2485 2076 2599 2135 μοι
2642 2052 2831 2116 δοκεῖ’.
2881 2051 3045 2116 Plut.

595 2142 673 2206 de
729 2162 864 2225 sup.
921 2140 969 2204 Ῑ.
1024 2143 1148 2205 169
1185 2141 1254 2205 Β.
1319 2147 1503 2206 τοῦτο
1557 2141 1718 2206 ἰδὼν
1772 2142 2163 2225 κυβερνήτης
2209 2178 2290 2187 -
2338 2139 2451 2224 τὴν
2505 2141 2766 2224 κεραίαν
2811 2141 3045 2225 ὑφίησι.

594 2231 820 2296 Aescb.
866 2229 1051 2293 Eum.
1102 2232 1248 2294 555.
1295 2231 1605 2314 καθήσειν
1651 2234 1757 2314 (so.
1804 2232 2070 2313 λαῖφος).

775 2337 921 2401 336.
972 2338 1131 2419 δρᾶν
1175 2337 1261 2422 τι]
1311 2337 1399 2401 Cf.
1451 2337 1596 2401 305.
1642 2337 1742 2400 Tr.
1796 2339 1937 2400 160.

775 2429 921 2489 340.
971 2426 1060 2491 Cf.
1105 2427 1283 2509 Trag.
1331 2426 1541 2511 adesp.
1590 2428 1738 2491 437.
1803 2425 2193 2510 κρεισσόνων
2248 2424 2370 2508 γὰρ
2425 2426 2532 2490 καὶ
2580 2427 2788 2490 δίκαια
2835 2424 3047 2490 κᾶδικ’

592 2515 715 2580 ἔστ’
761 2516 1091 2580 ἀκουστέα.
1139 2524 1203 2581 et
1232 2515 1411 2600 illud,
1458 2516 1672 2591 δοῦλε,
1723 2516 2050 2580 δεσποτῶν
2094 2516 2293 2579 ἄκουε
2338 2514 2446 2578 καὶ
2494 2516 2701 2578 δίκαια
2748 2516 3000 2579 κᾶδικα.

774 2607 919 2669 341.
968 2605 1060 2671 Of.
1107 2605 1256 2670 Eur.
1304 2604 1455 2671 Her.
1505 2607 1649 2670 509.
1713 2604 1955 2689 πατρὸς
2020 2603 2077 2669 δ’
2124 2605 2366 2670 ἐκείνου
2422 2605 2661 2688 φύντας
2717 2602 2795 2669 οὗ
2841 2605 3044 2688 πεφύ-

592 2720 797 2778 καμεν
842 2696 967 2761 κτλ.
1013 2696 1113 2761 Fr.
1163 2698 1267 2777 94,
1318 2698 1371 2759 1.
1437 2697 1643 2760 δεινόν
1707 2721 1778 2779 γε
1840 2695 1987 2766 τοὺς
2046 2695 2167 2778 μὲν
2215 2696 2535 2777 δυσσεβεῖς
2580 2701 2693 2759 ete.
2758 2695 2909 2760 Eur.
2948 2694 3046 2759 Fr.

599 2786 745 2867 773,
799 2787 851 2847 1.
920 2783 1124 2849 δεινόν
1188 2810 1258 2868 γε
1301 2792 1429 2857 τοῖς
1473 2786 1813 2850 πλουτοῦσι
1860 2791 1971 2849 etc.
2019 2785 2251 2869 Adesp.
2303 2785 2448 2847 385.
2499 2784 2702 2847 δεινόν
2749 2809 2817 2866 γε
2861 2782 3048 2848 ταύτὸ

593 2880 720 2945 τοῖς
762 2874 883 2957 μὲν
929 2874 1220 2939 ἁνδάνειν
1263 2876 1536 2957 βροτῶν,
1583 2875 1709 2938 κτλ.

775 2983 920 3045 342.
966 2988 1077 3065 τῆς
1133 2982 1203 3046 δὲ
1257 2982 1584 3065 τικτούσης
1636 2980 1869 3065 μέλειν]
1938 2981 2028 3046 Cf.
2078 2981 2305 3045 Aesoh.
2355 2983 2473 3064 Ag.
2523 2981 2669 3044 370.
2734 2982 2855 3044 οὗκ
2922 2982 3047 3063 ἔφα

593 3096 681 3143 τις
726 3070 921 3142 θεοὺς
974 3073 1227 3154 βροτῶν
1283 3072 1620 3145 ἀξιοῦσθαι
1672 3072 1881 3154 μέλειν
1936 3072 2187 3151 (ἀξιοῦν
2231 3071 2604 3153 τημελεῖνΡ).
2662 3069 2812 3132 Eur.
2861 3067 3047 3135 Herc.

598 3162 742 3223 773.
789 3160 931 3225 θεοὶ
974 3166 1103 3224 τῶν
1149 3160 1393 3225 ἀδίκων
1435 3161 1699 3243 μέλουσι
1745 3160 1850 3224 καὶ
1897 3166 2025 3224 τῶν
2071 3160 2316 3223 ἀδίκων
2361 3160 2590 3242 ἐπᾴειν.

774 3251 921 3312 344.
967 3251 1177 3334 κείνης
1242 3250 1535 3333 διδακτὰ]
1602 3249 1695 3314 Cf.
1744 3249 1903 3313 Phil.
1958 3250 2146 3313 1066.
2212 3248 2365 3312 οὐδέ
2429 3271 2546 3312 σου
2611 3255 2839 3331 φωνῆς
2903 3250 2986 3311 ἔτι
3036 3244 3045 3333 Ι

596 3340 938 3423 γενήσομαι
982 3340 1489 3422 προσφθεγκτός.
1538 3340 1608 3403 Ο.
1641 3337 1713 3403 R.
1767 3339 1953 3403 1437.
1999 3339 2258 3421 θνητῶν
2300 3338 2580 3420 μηδενὸς
2624 3339 3047 3421 προσήγορος.

596 3433 660 3492 et
703 3429 782 3492 ad
831 3428 991 3492 Phil.
1043 3431 1099 3492 3.

775 3538 921 3600 345.
970 3535 1060 3600 Cf.
1108 3537 1300 3601 Arist.
1348 3535 1515 3599 Nub.
1571 3537 1757 3598 1336.
1803 3535 1951 3599 ἑλοῦ
2000 3535 2057 3598 δ’
2105 3535 2416 3617 ὖπότερον
2459 3540 2591 3598 τοῖν
2636 3534 2847 3616 λόγοιν
2874 3535 3047 3617 βού-

497 3644 506 3651 ·
594 3625 681 3689 λει
726 3625 939 3707 λέγειν.
988 3626 1136 3690 Eur.
1183 3624 1373 3710 Hipp.
1422 3627 1568 3690 894.
1627 3625 1804 3688 δυοῖν
1860 3624 1931 3688 δὲ
1982 3626 2236 3707 μοίραιν
2290 3625 2531 3706 θατέρᾳ
2585 3624 2985 3706 πεπλήξεται·
3038 3619 3045 3707 Ι

596 3717 635 3797 ἢ
685 3714 806 3797 γὰρ
853 3720 966 3779 etc.
1033 3715 1266 3779 Phoen.
1318 3718 1462 3779 951.
1525 3715 1715 3785 τοῖνδ’
1783 3713 1928 3777 ἑλοῦ
1995 3714 2173 3777 δυοῖν
2233 3714 2481 3796 πότμον
2521 3716 2531 3797 Ι
2570 3712 2678 3776 τὸν
2723 3714 2960 3794 ἕτερον·
3008 3715 3048 3794 ἢ

597 3802 718 3885 γὰρ
763 3805 959 3868 παῖδα
1007 3810 1220 3869 σῶσον
1266 3807 1306 3888 ἢ
1353 3805 1550 3867 πόλιν.
1610 3803 1885 3886 Polyzel.
1934 3802 2014 3866 II.
2063 3804 2209 3866 867.
2264 3809 2456 3885 τριῶν
2510 3807 2734 3866 κακῶν
2779 3804 2848 3864 ἓν
2895 3805 3050 3883 γοῦν

595 3892 801 3957 ἑλέσθ’
857 3895 1038 3975 αὐτῷ
1095 3893 1205 3957 ’στὶ
1265 3892 1418 3956 πᾶσ’
1482 3893 1748 3975 ἀνάγκη.
1810 3892 2004 3957 Thue.
2052 3892 2161 3956 IV.
2213 3893 2315 3956 28.
2378 3892 2807 3974 λογιζομένοις
2873 3890 3051 3954 δυοῖν

596 3982 867 4063 ἀγαθοῖν
910 3988 1022 4046 τοῦ
1070 3984 1285 4064 ἑτέρου
1331 3983 1685 4056 τεύξεσθαι,
1734 3985 1773 4066 ἢ
1810 4020 1892 4027 ——
1926 3984 1966 4065 ἢ
2017 4018 2126 4043 -.
2176 3979 2354 4044 Dem.
2401 3981 2480 4045 de
2528 3981 2667 4045 Cor.
2720 3982 2863 4044 139.
2910 3980 3046 4043 καί·

595 4096 689 4135 τοι
746 4072 923 4135 δυοῖν
976 4071 1169 4135 αὐτὸν
1232 4072 1477 4154 ἀνάγκη
1533 4073 1825 4154 θάτερον,
1892 4073 1931 4153 ἢ
1982 4108 2064 4116 -
2114 4073 2153 4154 ἢ
2203 4106 2313 4131 -.
2379 4091 2435 4153 p.
2490 4071 2632 4151 178,
2692 4070 2786 4133 11.
2849 4069 3052 4133 καίτοι

599 4161 777 4224 δυοῖν
821 4160 1013 4224 αὐτὸν
1045 4162 1291 4244 ἀνάγκη
1324 4162 1616 4243 θάτερον,
1663 4163 1704 4244 ἢ
1741 4160 1946 4244 μηδὲν
1980 4198 2093 4234 —-,
2141 4162 2182 4243 ἢ
2216 4196 2328 4222 -.
2374 4158 2634 4223 Luciau.
2669 4159 2912 4223 Anach.
2949 4159 3049 4221 17.

598 4250 776 4313 δυοῖν
822 4248 943 4331 γὰρ
989 4251 1266 4333 θατέρου
1311 4251 1566 4321 πάντως
1613 4251 1733 4313 οὐκ
1780 4253 1860 4313 ἂν
1906 4250 2312 4332 ἁμάρτοιμεν·
2359 4251 2407 4331 ἢ
2449 4282 2529 4294 —
2544 4296 2562 4323 ,
2610 4251 2649 4331 ἢ
2700 4285 2811 4310 —-.
2858 4247 3048 4311 Isocr.

596 4337 742 4400 XV.
791 4341 937 4402 211.
987 4340 1165 4403 δυοῖν
1210 4340 1501 4421 θάτερον,
1548 4343 1588 4422 ἢ
1624 4377 1737 4413 —,
1784 4341 1823 4422 ἢ
1865 4376 1976 4400 -.
2028 4339 2220 4403 Isocr.
2268 4338 2347 4401 ad
2394 4337 2632 4403 Nicocl.
2680 4338 2719 4419 ξ
2758 4338 2860 4400 38.
2907 4340 3050 4418 χρῶ

595 4434 723 4497 τοῖς
768 4428 1117 4510 εἰρημένοις
1163 4432 1203 4513 ἢ
1253 4430 1415 4512 ζήτει
1468 4429 1709 4512 βέλτίω.
1758 4429 1984 4493 Aesch.
2020 4427 2227 4492 Prom.
2262 4427 2408 4491 867.
2457 4427 2637 4490 δυοῖν
2675 4426 2744 4490 δὲ
2774 4426 3050 4506 θάτερον

594 4517 984 4602 βουλήσεται.
1030 4516 1183 4582 Hor.
1231 4518 1429 4604 Epist.
1467 4519 1515 4584 I.
1551 4520 1608 4582 6.
1656 4519 1759 4599 69.
1806 4518 1900 4583 ‘Si
1948 4516 2104 4601 quid
2146 4517 2385 4582 novisti
2428 4517 2663 4598 rectius
2688 4516 2863 4600 *istig
2910 4513 3048 4580 eto)
