3463 5287
701 460 831 526 354
1713 476 1972 524 omnus
2015 478 2143 524 m

882 637 1075 701 1000.
1120 635 1496 722 ἀπόπτολις]
1562 635 1657 701 Cf.
1713 636 1785 701 Ο.
1819 636 1885 702 C.
1935 637 2081 700 207.
2144 636 2240 699 Tr.
2299 634 2445 699 647.
2509 634 2740 700 Aesoh.
2794 635 2914 718 Ag.
2968 634 3154 697 1384.

696 726 1008 798 ἀπόπολις
1053 725 1112 791 ‹3’
1155 727 1298 791 ἔσει.

880 816 1070 880 1002.
1117 817 1178 880 τί
1219 853 1303 864 -
1352 815 1812 901 ἐξελυσάμην,·]
1878 813 1969 879 Cf.
2016 816 2166 879 Ant.
2218 815 2406 878 1308.
2471 814 2530 877 τί
2585 816 2655 897 μ’
2711 814 2831 877 οὔκ
2897 813 3156 876 ἀνταίαν

698 907 954 971 ἔπαισέν
998 929 1086 976 τις
1117 930 1239 983 —‚·
1283 905 1435 969 Eur.
1475 904 1628 971 Her.
1662 906 1811 969 805.
1857 905 1916 968 τί
1954 904 2141 987 τήνδε
2186 910 2369 986 γαῖαν
2415 904 2536 967 οὐκ
2583 903 2879 986 εἰάσαμεν
2890 927 2913 978 ,·
2961 902 3155 965 Arist.

696 994 844 1077 LyS.
896 996 1038 1060 181.
1086 995 1144 1058 τί
1186 995 1341 1079 δῆτα
1398 993 1568 1059 ταῦτ’
1616 994 1738 1077 οὐχ
1793 994 1888 1065 ὡς
1931 994 2180 1077 τάχιστα
2215 1030 2297 1041 --
2331 992 2799 1075 ξυνωμόσαμεν
2832 1015 2950 1067 -,·
2997 990 3155 1055 Plat.

698 1085 947 1151 Charm.
993 1105 1051 1169 p.
1104 1085 1230 1147 154
1262 1083 1333 1147 Ε.
1399 1085 1458 1148 τί
1508 1120 1593 1131 --
1650 1085 1772 1148 οὐκ
1839 1083 2241 1166 ἀπελύσαμεν
2296 1120 2382 1129 —-
2435 1087 2653 1158 τοῦτο,·
2729 1078 2897 1145 Men.
2943 1101 3003 1165 p.
3054 1082 3155 1143 92.

695 1175 754 1238 τί
814 1173 885 1239 ὀὲ
926 1175 1124 1256 αὐτῷ
1188 1175 1266 1238 οὔ
1331 1173 1409 1239 σὺ
1474 1174 1794 1256 ἔφρασας,·
1857 1171 2040 1237 Polit.
2088 1191 2146 1256 p.
2196 1174 2342 1236 279.
2398 1172 2457 1234 τί
2507 1171 2662 1254 δῆτα
2712 1171 2790 1234 οὗ
2838 1208 2922 1219 --
2968 1175 3155 1234 τοῦτο

696 1263 1058 1347 ἔόράσαμεν
1105 1285 1218 1343 -;
1355 1262 1485 1345 ἐγὼ
1533 1260 1706 1346 οὐχὶ]
1774 1261 2015 1326 Eadem
2062 1263 2256 1325 orasis
2303 1267 2399 1326 est
2437 1258 2509 1324 O.
2543 1258 2610 1324 C.
2645 1260 2790 1323 998.
2823 1261 2972 1323 Ant.
3005 1261 3155 1322 458.

880 1459 1050 1524 1003
1083 1478 1175 1542 sq.
1224 1458 1596 1524 Aristoteles
1642 1459 1746 1540 (de
1792 1458 1962 1523 Poet.
2003 1479 2055 1522 c.
2086 1456 2229 1538 XI.)
2276 1457 2358 1521 ad
2403 1458 2577 1521 huno
2621 1457 2833 1520 locum
2878 1457 3155 1540 respicit,

697 1552 823 1615 ἔστι
888 1548 959 1614 ὄὲ
1021 1549 1374 1631 περιπέτεια
1437 1547 1558 1632 μὲν
1611 1550 1652 1633 ἡ
1710 1549 1798 1619 εἰς
1858 1548 2218 1612 τούναντίον
2271 1552 2402 1612 τῶν
2454 1547 2909 1629 πραττομένων
2961 1568 3153 1629 μετα-

695 1638 885 1723 βολὴ,
950 1638 1252 1721 καθάπερ
1317 1639 1576 1722 εἴρηται·
1642 1638 1750 1701 καὶ
1812 1643 1996 1702 τοῦτο
2061 1637 2159 1710 ἀὲ,
2223 1637 2444 1719 ὥσπερ
2507 1636 2791 1718 λέγομεν,
2856 1635 3018 1699 κατὰ
3084 1634 3156 1698 τὸ

696 1727 868 1798 εἰκὸς
920 1730 961 1811 ἢ
1020 1728 1383 1810 ἀναγκαῖον,
1449 1728 1668 1811 ὥσπερ
1735 1727 1802 1791 ἒν
1863 1734 1958 1810 τῷ
2018 1724 2311 1792 Οἵὸίποόι
2375 1725 2588 1790 ἐλθὼν
2655 1725 2745 1796 ὡς
2808 1726 3155 1809 εὖφρανῶν

694 1817 804 1881 τὸν
856 1814 1164 1883 Οἰδίπουν
1217 1817 1328 1881 καὶ
1381 1817 1766 1890 ἀπαλλάξων
1818 1822 1931 1880 τοῦ
1977 1815 2141 1899 πρὸς
2193 1816 2307 1899 τὴν
2349 1816 2592 1898 μητέρα
2638 1814 2881 1898 φόβου,
2940 1814 3152 1897 δηλώ-

697 1930 814 1978 σας
858 1908 933 1978 ὃς
975 1905 1057 1990 ἦν
1101 1907 1464 1971 τούναντίον
1510 1906 1817 1989 ἐποίησεν.
1864 1904 2015 1968 ibid.
2066 1906 2102 1987 ξ
2152 1906 2209 1968 3.
2263 1905 2553 1987 καλλίστη
2613 1903 2683 1968 ὃὲ
2733 1904 3155 1987 ἀναγνώρισις

696 1997 846 2060 ὅταν
891 1997 1026 2079 ἅμα
1072 1997 1445 2080 περιπέτειαι
1493 1996 1820 2078 γένωνται,
1868 1994 2003 2060 οἷον
2048 1995 2174 2077 ἔχει
2219 1995 2258 2077 ἡ
2307 1994 2375 2057 ἐν
2419 2002 2512 2076 τῷ
2564 1991 2874 2057 Οἰδίποὸι.

879 2103 1067 2168 1003.
1113 2101 1529 2187 ἐξελυσάμην]
1594 2102 1812 2167 Media
1874 2121 2005 2165 vox
2068 2107 2141 2165 ut
2209 2102 2278 2164 in
2337 2100 2482 2165 Ant.
2533 2101 2723 2165 1112.
2787 2100 3150 2183 ἐκλύσομαι.

693 2193 791 2258 Tr.
841 2193 941 2259 21.
990 2193 1274 2257 ἒκλύεταί
1312 2217 1410 2275 με.
1459 2193 1558 2275 Aj.
1609 2193 1755 2256 531.
1801 2191 2211 2274 ἐξελυσάμην.
2289 2188 2413 2254 Sed
2459 2189 2668 2254 activa
2712 2194 2809 2253 est
2854 2187 3021 2253 O.R.
3050 2191 3152 2253 35.

693 2282 791 2346 Tr.
841 2282 988 2349 654.
1038 2283 1135 2366 Aj.
1175 2283 1361 2345 1225.
1439 2281 1531 2347 Of.
1576 2281 1674 2345 Tr.
1727 2281 1871 2345 181.
1917 2285 2173 2364 πρῶτος
2219 2280 2505 2362 ἀγγέλων
2545 2280 2553 2363 Ι
2596 2279 2794 2343 ὄκνου
2841 2303 2911 2343 σε
2955 2279 3150 2343 λύσω.

694 2372 846 2436 Eur.
894 2369 998 2435 Or.
1051 2372 1239 2434 1234.
1286 2370 1588 2434 κάπέλυσ’
1635 2371 1833 2435 ὄκνου
1880 2371 2009 2451 (σε).

878 2460 1066 2524 1004.
1114 2459 1298 2542 χάριν
1344 2498 1428 2508 -—
1477 2458 1681 2543 ἀξίαν]
1750 2459 1839 2523 Cf.
1898 2458 2044 2522 Eur.
2104 2459 2241 2523 Alo.
2291 2460 2438 2522 311.
2503 2459 2837 2542 αἰτήσομαι
2904 2459 3028 2541 γάρ
3093 2457 3151 2522 α’

695 2549 876 2623 ἀξίαν
919 2549 1039 2631 μὲν
1087 2550 1317 2612 οὔποτε
1362 2549 1617 2631 (χάριν).

882 2657 1071 2720 1005.
1118 2654 1314 2741 τοῦτ’]
1380 2655 1594 2720 Hanc
1659 2656 1748 2720 ob
1814 2675 2132 2720 causam.
2212 2655 2301 2720 Cf.
2358 2656 2437 2719 ad
2491 2657 2633 2720 788.
2700 2656 2927 2720 Aesoh.
2976 2655 3149 2720 Pers.

701 2746 844 2809 159.
890 2752 1081 2810 ταῦτα
1130 2746 1229 2829 ὄή.
1278 2743 1348 2810 Ο.
1382 2746 1447 2811 Ο.
1485 2746 1673 2808 1291.
1720 2747 1762 2809 ἃ
1812 2745 1870 2810 ὀ’
1916 2744 2121 2829 ἦλθον
2166 2747 2290 2830 ἤδη
2339 2769 2437 2810 σοι
2468 2745 2644 2810 θέλω
2691 2745 2887 2819 λέξαι,
2932 2746 3149 2827 πάτερ.

691 2835 789 2899 Tr.
841 2835 984 2899 190.
1031 2834 1143 2899 Ph.
1178 2836 1324 2898 552.
1373 2835 1564 2899 Arist.
1611 2834 1703 2899 Pl.
1749 2835 1894 2899 966.
1941 2834 2077 2899 ἀλλ’
2123 2836 2165 2899 ὅ
2206 2860 2258 2898 τι
2302 2834 2546 2919 μάλιστ’
2594 2834 2908 2918 ἐλήλυθας
2950 2834 3152 2917 λέγειν

694 2924 754 2987 α’
799 2924 1007 3008 ἐχρῆν.
1056 2923 1207 2988 Eur.
1252 2924 1390 2988 Ion.
1435 2926 1580 2987 346.
1626 2929 1817 2987 ταῦτα
1863 2925 1972 2988 καὶ
2014 2925 2422 3008 μαντεύομαι.
2469 2924 2625 2989 Hec.
2662 2925 2805 2987 971.
2853 2924 2911 2987 τί
2950 2922 3150 3008 χρῆμ’

694 3013 970 3097 ἑπέμψω
1032 3013 1141 3078 τὸν
1203 3013 1361 3096 ἐμὸν
1424 3014 1496 3078 ἐκ
1572 3013 1799 3098 ὃόμων
1870 3014 2074 3091 mma,-
2142 3015 2377 3079 Phoen.
2427 3014 2573 3077 263.
2662 3012 2894 3078 Confer
2955 3015 3150 3078 etiam

691 3101 1077 3168 locutionem
1124 3102 1465 3188 ellipticam
1509 3103 1679 3167 ταῦτ’
1726 3104 1870 3187 ἄρα.

874 3210 1063 3275 1006.
1113 3208 1183 3274 εὖ
1228 3211 1542 3293 πράξαιμί
1579 3207 1665 3297 τι]
1711 3209 1761 3273 I.
1796 3230 1853 3294 q.
1899 3210 2173 3293 χρηστόν
2210 3234 2263 3273 τι
2293 3211 2615 3294 πράξαιμι.
2665 3211 2856 3274 Arist.
2883 3208 2974 3273 Pl.
2997 3210 3147 3274 341.

693 3299 966 3384 χρηστόν
1010 3324 1065 3363 τι
1109 3300 1419 3382 πράττων.
1468 3299 1538 3364 Ο.
1573 3298 1639 3364 C.
1689 3300 1836 3362 391.
1899 3301 1987 3370 τίς
2034 3298 2092 3363 δ’
2148 3300 2227 3362 ἄν
2270 3324 2325 3363 τι
2388 3299 2560 3364 τοῦδ’
2626 3300 2734 3362 ὑπ’
2792 3296 3028 3382 ἀνόρὸς
3076 3297 3147 3363 εὖ

690 3390 984 3472 πράξειεν
1029 3390 1140 3465 ἄν,·
1183 3388 1280 3453 Tr.
1333 3390 1475 3453 191.
1524 3388 1671 3452 Eur.
1717 3388 1855 3453 Tro.
1905 3390 2050 3452 679.
2097 3390 2358 3471 πράξειν
2401 3413 2455 3453 τι
2499 3388 2745 3453 κεδνόν.

876 3497 1063 3560 1008.
1111 3494 1170 3559 ὦ
1214 3494 1360 3581 παῖ]
1409 3494 1496 3560 Cf.
1544 3495 1624 3559 ad
1670 3497 1819 3560 Ant.
1871 3497 2014 3559 770.
2152 3497 2367 3566 καλῶς
2412 3494 2471 3560 εἴ
2511 3495 2734 3581 δῆλος]
2784 3494 2875 3560 cf.
2923 3494 3003 3560 ad
3050 3494 3145 3560 ΕΙ.

697 3585 886 3650 1017.
941 3585 1157 3657 καλῶς
1204 3623 1288 3633 --
1334 3585 1461 3669 ᾔὸη
1509 3585 1635 3649 κτλ.
1692 3583 1852 3649 Phil.
1905 3586 2093 3649 1011.
2152 3585 2344 3668 ὄῆλος
2400 3584 2470 3649 ὃὲ
2515 3586 2623 3649 καὶ
2667 3591 2781 3649 νῦν
2828 3585 2989 3649 ἔστιν
3034 3586 3143 3648 ἀλ-

693 3678 916 3756 γεινῶς
968 3675 1207 3758 φέρων.
1274 3675 1467 3739 Arist.
1514 3673 1660 3756 Lys.
1709 3674 1856 3738 919.
1921 3676 1963 3757 ἤ
2017 3698 2111 3738 τοι
2176 3675 2331 3757 γυνὴ
2398 3674 2568 3757 φιλεῖ
2620 3698 2730 3757 με,
2781 3675 2938 3758 δήλη
2999 3674 3144 3738 ’στὶν

690 3762 924 3833 καλῶς.
984 3765 1129 3827 510.
1186 3763 1321 3827 ἀλλ’
1367 3763 1832 3848 ᾐσθανόμεσθα
1878 3764 2095 3835 καλῶς
2139 3764 2344 3847 ὑμῶν.
2391 3765 2510 3828 Av.
2564 3765 2751 3827 1407.
2799 3764 3144 3845 καταγελᾷς

687 3857 847 3936 μοῦ,
897 3852 1088 3929 δῆλος
1120 3851 1187 3917 εἴ.
1221 3851 1453 3916 Cratin.
1483 3854 1616 3935 jun.
1650 3857 1710 3934 4,
1746 3854 1800 3915 1.
1832 3853 1941 3918 τὸν
1971 3853 2186 3925 καλῶς
2217 3853 2503 3937 (probe,
2550 3853 2887 3937 penitus)
2932 3853 3140 3916 εὖὸαί-

687 3965 876 4025 μονα.
948 3939 1099 4005 Eur.
1156 3940 1330 4024 Cycl.
1390 3943 1536 4005 631.
1612 3941 1922 4024 διάπυρος
2001 3941 2059 4006 δ’
2124 3943 2283 4006 ἐστὶν
2354 3942 2586 4012 καλῶς.
2664 3941 2725 4007 S.
2780 3942 2972 4007 Marc.
3025 3940 3141 4005 Ev.

690 4029 834 4094 VH.
884 4032 940 4095 9.
1004 4032 1220 4103 καλῶς
1284 4031 1555 4096 ἀθετεῖτε
1616 4032 1729 4115 τὴν
1793 4031 2050 4115 ἐντολὴν
2102 4038 2215 4096 τοῦ
2261 4032 2440 4096 θεοῦ.
2502 4030 2757 4096 Theocr.
2803 4030 2918 4096 III.
2969 4033 3025 4094 3.
3070 4030 3141 4093 τὸ

688 4120 888 4185 καλὸν
960 4121 1182 4202 (schol.
1248 4120 1380 4185 ἀντὶ
1441 4126 1553 4185 τοῦ
1616 4122 1784 4202 λίαν)
1837 4121 2236 4204 πεφιλαμένε.
2292 4118 2476 4185 Diod.
2522 4119 2645 4186 Sic.
2691 4119 2873 4184 XIII.
2917 4121 2974 4185 9.
3022 4120 3140 4184 ὅσα

685 4210 778 4294 μὴ
826 4210 1044 4281 καλῶς
1088 4209 1216 4274 ὑπὸ
1244 4216 1359 4275 τοῦ
1390 4211 1594 4293 πυρὸς
1625 4210 1834 4274 ἐδόκει
1866 4211 2277 4293 διεφθάρθαι.
2324 4208 2568 4274 XVIII.
2591 4211 2647 4273 9.
2693 4211 2895 4294 μήπω
2926 4210 3142 4279 καλῶς

690 4300 1093 4383 ἐγνωσμένης
1122 4306 1233 4383 τῆς
1269 4299 1688 4384 Ἀλεξάνόρου
1720 4299 2018 4383 τελευτῆς.
2066 4299 2299 4364 charit.
2328 4320 2385 4384 p.
2412 4299 2557 4383 136,
2577 4301 2679 4362 22.
2725 4301 2873 4383 πρὶν
2926 4299 3141 4369 καλῶς

687 4389 799 4473 τὴν
854 4395 1012 4453 ναῦν
1066 4390 1477 4472 καταχθῆναι.
1519 4405 1529 4415 ’
1659 4390 1781 4453 οὐκ
1829 4389 2016 4460 εἰδὼς
2058 4391 2118 4453 τί
2159 4389 2349 4474 ὁρᾷς]
2408 4388 2500 4452 Cf.
2547 4388 2709 4454 Phil.
2758 4390 2904 4453 238.
2961 4389 3140 4457 ὅπως

687 4478 841 4542 eto&
885 4479 973 4549 τίς
1018 4477 1085 4543 εἶ.

872 4567 1059 4630 1010.
1106 4573 1248 4638 πῶς
1313 4565 1433 4650 γὰρ
1500 4567 1684 4653 oiim]
1762 4567 1851 4631 Cf.
1908 4566 2083 4633 ΟΒ.
2136 4570 2278 4632 928.
2347 4569 2439 4633 ΕΙ.
2496 4569 2642 4632 865.
2704 4568 2891 4632 1307.
2951 4568 3136 4631 1448.
