3463 5287
1393 431 1663 520 [omm’us
1707 433 1854 518 mxx]
2710 433 2837 495 523

571 612 716 675 966.
763 612 1137 697 κλάζοντας]
1214 612 1302 677 Cf.
1361 614 1508 676 Ant.
1570 613 1712 675 112.
1776 613 1963 676 1002.
2035 610 2135 676 Fr.
2196 612 2340 675 700.
2404 610 2502 675 Fr.
2562 612 2720 692 874,
2778 613 2836 674 4.

392 700 636 765 Aelian.
681 701 763 765 Η.
809 702 886 766 A.
934 702 981 766 Ι.
1030 703 1134 767 48.
1192 703 1254 766 οἱ
1307 702 1610 772 συνιέντες
1664 703 1949 783 ὀρνίθων
2003 702 2111 765 καὶ
2155 702 2347 784 ἔδρας
2391 700 2498 764 καὶ
2542 700 2837 783 κλαγγάς.

478 789 575 855 ὧν
621 791 989 876 ὕφηγητῶν]
1047 790 1196 856 Sub.
1244 792 1463 855 ὄντων.
1540 788 1629 854 Cf.
1683 792 1870 855 1260.
1927 792 2020 862 ὡς
2072 791 2403 874 ὕφηγητοῦ
2458 814 2636 861 τινος.
2714 788 2838 855 Sed

390 882 840 964 corrigendum
886 881 1177 965 suspicor
1221 878 1317 945 ὧν
1362 882 1473 964 ὑφ’
1519 883 1791 963 ἡγητῶν.
1948 956 1953 961 .

569 971 715 1034 969.
762 972 1089 1052 ἄψαυστος
1135 968 1391 1056 ἔγχους]
1448 972 1678 1035 Activo
1724 990 1935 1036 sensu.
2014 969 2105 1033 Cf.
2155 971 2301 1033 885.
2351 971 2531 1041 ὀίκας
2585 969 2837 1052 ἀφόβη-

387 1084 509 1131 τος.
587 1059 673 1122 Et
717 1062 810 1124 sic
854 1062 1113 1125 fortasse
1160 1062 1420 1130 ἄθικτος
1467 1062 1782 1143 ἡγητῆρος
1830 1058 1900 1123 Ο.
1935 1057 2000 1123 O.
2054 1061 2241 1122 1521.

568 1149 714 1212 977.
761 1149 867 1213 Sic
912 1151 1080 1233 apud
1129 1148 1500 1213 Ciceronem
1549 1149 1854 1213 ‘Fortuna
1900 1148 2306 1213 dominatur'.

572 1239 717 1302 978.
762 1238 1005 1322 μητρὸς
1052 1277 1134 1285 -
1185 1238 1464 1322 γάμους]
1514 1238 1603 1302 Cf.
1652 1240 1800 1301 825.

568 1328 712 1391 980.
760 1330 847 1399 εἰς
911 1327 983 1391 τὰ
1047 1328 1288 1411 μητρὸς
1349 1329 1440 1411 μὴ
1499 1330 1714 1410 φοβοῦ
1761 1325 2216 1411 νυμφεύματα]
2264 1326 2357 1391 Cf.
2404 1326 2500 1391 Tr.
2553 1328 2740 1390 1211.
2787 1326 2848 1390 εἴ

387 1418 582 1500 φοβεῖ
619 1417 784 1499 πρὸς
829 1424 1028 1481 τοῦτο.
1077 1417 1148 1481 O.
1182 1418 1247 1482 C.
1287 1418 1472 1481 1119.
1517 1417 1608 1500 μὴ
1657 1418 1955 1499 θαύμαζε
2000 1417 2165 1498 πρὸς
2209 1416 2279 1480 τὸ
2325 1417 2597 1501 λιπαρές.
2646 1417 2837 1479 Arist.

388 1505 559 1571 Poet.
609 1526 660 1569 c.
713 1508 810 1569 11.
859 1507 1242 1582 ἀπαλλάξων
1285 1513 1396 1571 τοῦ
1443 1507 1606 1588 πρὸς
1652 1507 1764 1589 τὴν
1808 1507 2049 1589 μητέρα
2096 1507 2326 1590 φόβου.

569 1597 713 1659 991.
761 1597 825 1667 ἐς
871 1597 1082 1679 φόβον
1126 1596 1351 1679 φέρον]
1401 1596 1489 1659 Cf.
1540 1597 1685 1659 517.
1734 1599 1799 1666 ἐς
1843 1596 2089 1679 βλάβην
2134 1596 2352 1679 φέρον.

571 1686 758 1748 1012.
808 1684 894 1749 Cf.
941 1684 1036 1748 El.
1090 1686 1275 1748 1503.
1323 1685 1362 1769 ἦ
1409 1686 1500 1768 μὴ
1549 1686 1741 1767 φύγω
1789 1709 1890 1761 σε,·

572 1774 759 1837 1016.
807 1775 873 1837 ἒν
920 1773 1109 1858 γένει]
1160 1774 1248 1839 Cf.
1301 1775 1487 1838 1430.
1534 1781 1661 1845 τοῖς
1706 1776 1774 1838 ἔν
1821 1777 1996 1857 γένει.

571 1864 758 1927 1019.
807 1863 896 1927 Cf.
945 1866 1090 1927 845.
1158 1865 1236 1927 οὐ
1301 1863 1422 1946 γὰρ
1487 1864 1704 1947 γένοιτ’
1752 1866 1832 1927 ἂν
1886 1864 1971 1935 εἷς
2027 1867 2097 1945 γε’
2141 1888 2227 1934 τις
2273 1865 2421 1945 (τοῖς
2470 1864 2638 1943 mss.)
2682 1864 2837 1926 πολ-

391 1953 520 2022 λοῖς
566 1954 714 2022 ἴσος.

572 2042 759 2105 1021.
807 2042 938 2105 ἀντὶ
982 2049 1094 2106 τοῦ
1143 2041 1290 2128 -,·]
1341 2041 1863 2122 Quamobrem,
1924 2062 2182 2125 quare,
2241 2061 2387 2125 qua
2433 2043 2519 2106 de
2566 2043 2839 2107 causa?

575 2132 763 2194 1028.
809 2132 1121 2213 ποιμνίοις
1185 2132 1583 2215 ἐπεστάτουν]
1651 2132 1745 2196 Cf.
1802 2132 1959 2195 Plat.
2017 2131 2205 2215 Gorg.
2256 2133 2382 2194 565
2417 2131 2483 2195 C.
2554 2133 2593 2215 ἡ
2658 2132 2836 2215 ψυχὴ

393 2223 704 2284 ἐπιστατεῖ
740 2229 834 2302 τῷ
878 2221 1138 2302 σώματι.
1187 2221 1374 2305 Legg.
1422 2222 1505 2285 X.
1555 2222 1681 2285 906
1716 2222 1791 2283 A.

572 2310 759 2373 1034.
807 2310 1035 2374 ποδοῖν
1089 2311 1332 2395 ἀκμάς]
1400 2309 1486 2373 Cf.
1533 2311 1683 2374 Eur.
1734 2310 1961 2374 Bacch.
2014 2311 2200 2373 1206.
2265 2315 2497 2393 χειρῶν
2560 2311 2836 2392 ἀκμαῖοι.

390 2399 617 2464 Aesch.
665 2399 836 2463 Pers.
892 2400 1077 2463 1060.
1124 2400 1302 2483 ἀκμῇ
1348 2406 1575 2483 χεροῖν.
1624 2399 1806 2463 Pind.
1854 2399 1948 2463 Ol.
1998 2402 2056 2480 2,
2105 2400 2205 2462 63.
2254 2400 2320 2463 ἐν
2364 2398 2553 2483 χερὸς
2599 2400 2793 2483 ἀκμᾷ.

571 2489 758 2555 1043.
805 2495 1031 2559 κακοῖς
1077 2489 1300 2574 γελῶν]
1349 2489 1438 2553 Cf.
1488 2490 1566 2553 ad
1616 2492 1761 2552 957.

573 2579 757 2641 1045.
806 2579 899 2650 ὡς
945 2579 1097 2643 ι’ὃεῖν
1141 2580 1284 2664 ἐμέ]
1334 2577 1425 2643 Cf.
1471 2579 1567 2643 Tr.
1622 2581 1809 2642 1125.
1856 2580 1949 2652 ὡς
1994 2579 2203 2643 κλύειν
2248 2580 2376 2662 ἐμέ.

572 2671 757 2731 1075.
804 2668 1194 2752 προμνᾶται]
1247 2669 1655 2752 Praesagit.

574 2759 758 2822 1088.
807 2759 884 2822 οὗ
947 2759 1057 2823 τὸν
1105 2758 1445 2843 ’Όλυμπον
1495 2762 1606 2840 -]
1675 2759 1765 2823 Cf.
1814 2760 1960 2824 660.
2028 2761 2106 2824 οὗ
2169 2759 2278 2823 τὸν
2340 2760 2599 2824 πάντων
2663 2760 2838 2825 θεῶν

389 2847 645 2930 πρόμον
690 2848 814 2911 κτλ.

573 2937 761 3001 1094.
812 2936 901 2998 Cf.
949 2939 1097 3002 Ant.
1152 2939 1338 3001 1153.
1386 2939 1463 3001 αἵ
1496 2962 1565 3001 σε
1610 2940 1921 3022 πάννυχοι
1966 2940 2354 3023 χορεύουσιν.

572 3025 756 3088 1103.
804 3027 1038 3096 πλάκες
1085 3026 1465 3111 ἀγρόνομοι]
1522 3026 1569 3089 I.
1604 3048 1655 3090 e.
1704 3033 2060 3110 agresteS.
2140 3027 2226 3089 Cf.
2266 3029 2414 3090 Ant.
2452 3028 2594 3090 786.
2643 3029 2833 3109 ἀγρο-

391 3115 613 3195 νόμοις
659 3115 892 3184 αὐλαῖς.

571 3204 758 3267 1104.
806 3204 843 3266 ὁ
891 3203 1222 3274 Κυλλάνας
1286 3204 1605 3288 ἀνάσσων]
1671 3205 1718 3268 Ι.
1766 3225 1819 3269 e.
1875 3204 2144 3287 Ἑρμῆς,
2220 3207 2329 3288 qui
2395 3207 2461 3268 in
2528 3206 2839 3270 Arcadiae

390 3296 603 3356 monte
651 3293 913 3376 Cyllene
959 3299 1144 3356 natus
1191 3313 1328 3357 esse
1373 3293 1716 3376 ferebatur,
1763 3295 1925 3358 Jove
1973 3300 2035 3358 et
2081 3292 2250 3358 Maia
2294 3295 2675 3378 parentibus.

573 3383 758 3444 1116.
804 3381 1143 3465 προύχοις]
1192 3383 1279 3447 Cf.
1329 3382 1490 3447 Phil.
1545 3385 1683 3446 138.

570 3473 757 3534 1122.
805 3471 1012 3535 Λαΐου
1076 3475 1213 3535 ποτ’
1279 3471 1452 3554 ἦσθα
1500 3472 1643 3557 σύ,·]
1709 3473 1858 3538 Sub.
1918 3473 2160 3544 δοῦλος.
2240 3473 2330 3538 Cf.
2385 3475 2570 3537 1117.
2628 3473 2836 3538 Λαΐου

389 3584 508 3643 γαρ
555 3586 635 3643 ην
683 3598 793 3624 -·

571 3651 756 3713 1126.
804 3651 1111 3724 ξύναυλος
1156 3651 1274 3734 ὥν]
1322 3651 1472 3715 Sub.
1520 3652 1710 3734 αὐτῷ.

572 3741 758 3802 1146.
805 3742 1134 3824 σιωπήσας
1178 3740 1332 3824 ἔσει]
1383 3741 1472 3804 Cf.
1524 3740 1593 3805 Ο.
1629 3741 1694 3805 C.
1744 3743 1889 3806 816.
1937 3742 2084 3806 Ant.
2125 3742 2310 3806 1067.
2360 3742 2587 3806 Aesch.
2622 3742 2836 3826 Suppl.

389 3829 535 3893 460.
584 3831 906 3912 γηρυθεῖσ’
954 3832 1091 3894 ἔσει.

570 3920 756 3981 1160.
805 3921 867 3989 ἐς
912 3919 1129 4002 τριβὰς
1175 3919 1317 4003 ἐλᾷ]
1366 3920 1613 3984 Moras
1661 3923 1918 3984 nectit.

572 4009 756 4071 1174.
803 4009 897 4079 ὡς
926 4008 1089 4091 πρὸς
1119 4010 1177 4070 τί
1216 4009 1459 4093 χρείας]
1510 4008 1745 4091 Cujus
1791 4011 1901 4074 rei
1947 4029 2189 4073 causa.
2268 4009 2358 4073 Cf.
2392 4010 2503 4074 Ph.
2546 4012 2685 4074 174.
2733 4011 2837 4075 ἐπὶ

387 4099 573 4159 παντί
611 4121 702 4179 τῳ
747 4098 958 4180 χρείας
1004 4100 1333 4180 ἱσταμένῳ.
1382 4100 1531 4162 Ant.
1575 4101 1763 4162 1229.
1811 4100 1877 4163 ἓν
1921 4107 2015 4180 τῷ
2060 4105 2401 4181 συμφορᾶς
2448 4100 2836 4183 ὸιεφθάρης;

569 4188 755 4251 1187.
805 4189 906 4250 ἴσα
951 4186 1093 4271 καὶ]
1142 4188 1401 4270 Aeque
1448 4189 1796 4271 (pariter)
1842 4192 2083 4270 atque.
2163 4188 2254 4253 cf.
2302 4188 2371 4253 Ο.
2406 4189 2471 4252 C.
2511 4190 2656 4253 810.
2706 4190 2836 4272 ὅτῳ

387 4299 455 4356 γε
500 4281 651 4346 νοῦς
696 4278 831 4346 ἴσος
875 4277 983 4340 καὶ
1028 4276 1126 4340 σοὶ
1170 4278 1362 4358 πάρα.

569 4366 737 4427 1195
759 4386 851 4447 sq.
900 4365 987 4429 Cf.
1028 4368 1213 4428 1523.
1261 4366 1621 4449 ἆκράτησας
1667 4368 1746 4429 οὗ
1785 4391 1884 4430 σοι
1915 4376 2006 4448 τῷ
2033 4368 2157 4450 βίῳ
2188 4369 2266 4448 (Ρ)
2299 4368 2649 4441 ξυνέσπετο.
2683 4369 2830 4432 432.

568 4455 757 4517 1203.
808 4454 896 4518 Of.
932 4454 1090 4519 QG.
1127 4456 1270 4518 919.
1317 4455 1517 4519 καίτοι
1564 4480 1634 4519 σε
1672 4454 1889 4539 Θῆβαί
1930 4456 1986 4539 γ’
2035 4457 2155 4520 οὐκ
2203 4458 2579 4521 ἔπαίὸευσαν
2608 4458 2831 4525 κακόν.

569 4544 754 4607 1206.
804 4543 1127 4628 ξύνοικος]
1176 4544 1447 4631 Anglioe
1493 4553 1953 4612 conversam:
2000 4546 2196 4609 with.
