3463 5287
706 434 792 498 86
1790 448 2087 496 Ana-mour.

888 611 1032 676 718.
1081 608 1168 674 Of.
1222 610 1409 674 1029.
1476 609 1608 672 ἀλλ’
1653 610 1783 676 εἷκε
1847 616 1940 691 τῷ
2002 607 2262 672 θανόντι
2327 611 2470 690 (τοῦ
2516 608 2738 690 θυμοῦ
2783 607 2932 686 τιΡ).
2993 608 3063 670 Ο.
3099 605 3163 669 Ο.

711 702 900 766 1328.
945 706 1137 784 μῆνιν
1180 700 1446 783 βαρεῖαν
1490 700 1772 766 εἰκαθεῖν
1820 736 1902 745 -
1949 697 2103 782 τῷδ’
2151 698 2349 780 ἀνδρί.
2407 695 2556 760 Eur.
2603 696 2758 762 Hoc.
2808 698 2954 761 403.
3000 696 3165 779 χάλα

704 796 990 857 τοκεῦσιν
1037 789 1299 859 εἰκότως
1342 789 1798 871 θυμουμένοις.
1853 787 1990 852 Ion.
2040 788 2186 851 648.
2233 792 2404 852 κεῖνο
2453 785 2511 851 δ’
2560 786 2681 851 οὐκ
2739 786 3101 869 ἀνασχετὸν,
3153 785 3161 872 Ι

707 882 894 945 εἴκειν
948 879 1108 944 ὁδοῦ
1163 879 1454 962 χαλῶντα
1510 884 1638 948 τοῖς
1681 880 1986 944 κακίοσιν.
2052 875 2193 941 Hel.
2245 877 2347 939 80.
2414 877 2576 959 ὀργῇ
2643 876 2698 940 δ’
2746 874 2880 950 εἶξα
2923 876 3168 958 μᾶλλον

707 972 749 1053 ἤ
794 969 866 1052 μ’
897 969 1110 1052 ἐχρῆν.
1156 967 1319 1032 Med.
1355 969 1501 1032 874.
1553 968 1673 1033 οὐκ
1705 967 2285 1051 ἀπαλλαχθήσομαι
2327 966 2336 1049 Ι
2376 966 2631 1048 θυμοῦ,·
2676 963 2915 1029 Herod.
2946 964 3028 1027 II.
3063 966 3165 1028 80.

708 1061 946 1123 εἴκουσι
990 1063 1099 1142 τῆς
1145 1057 1321 1121 ὁδοῦ.
1388 1056 1566 1121 Paul.
1614 1058 1810 1144 Epist.
1859 1055 2037 1121 Rom.
2092 1057 2191 1137 12,
2245 1057 2342 1118 19.
2409 1055 2550 1119 δότε
2612 1054 2810 1118 τόπον
2864 1060 2939 1138 τῇ
2986 1054 3165 1138 ὀργῇ.

709 1148 938 1214 Aesch.
970 1147 1155 1212 Eum.
1191 1147 1337 1211 900.
1383 1147 1767 1231 μεθίσταμαι
1797 1147 2009 1211 κότου.
2089 1145 2192 1209 Sic
2231 1145 2428 1228 ὀργῆς
2473 1144 2690 1227 χαλᾶν,
2739 1144 3000 1216 ἀνιέναι,
3048 1150 3166 1208 etc.

891 1237 1035 1300 719.
1081 1235 1237 1300 κάπ’
1285 1234 1481 1320 ἐμοῦ]
1548 1234 1640 1300 Cf.
1687 1238 1789 1321 Aj.
1839 1236 2031 1320 3453
2050 1234 2205 1299 κάπ’
2253 1234 2411 1318 ἐμοί.
2471 1232 2540 1297 Ο.
2575 1233 2645 1298 R.
2699 1234 2888 1298 1110.
2944 1235 3003 1297 εἰ
3040 1235 3164 1316 χρή

707 1350 761 1391 τι
805 1325 974 1410 κάμὲ
1021 1362 1104 1373 -
1153 1325 1580 1408 σταθμᾶσθαι.
1628 1326 1741 1390 Ph.
1795 1327 1936 1389 192.

891 1433 1037 1497 720.
1082 1431 1473 1516 πρεσβεύειν]
1523 1431 1610 1497 Cf.
1657 1432 1810 1497 Eur.
1857 1431 2007 1496 Her.
2057 1433 2159 1495 45.

891 1523 1037 1586 721.
1086 1521 1176 1587 ef.
1223 1522 1496 1586 similem
1557 1522 1771 1587 locum
1819 1527 2184 1606 corruptum
2231 1521 2327 1584 Tr.
2379 1521 2524 1583 338.
2580 1520 2821 1584 τούτων
2866 1521 2997 1602 ἔχω
3046 1519 3169 1603 γὰρ

709 1612 890 1676 πάντ’
936 1612 1284 1694 ἐπιστήμην
1329 1611 1475 1693 ἐγώ.
1533 1618 1597 1676 et
1638 1612 1790 1677 Eur.
1838 1611 2024 1675 Rhes.
2080 1610 2219 1675 106.
2269 1608 2402 1673 ἀλλ’
2451 1610 2529 1673 οὗ
2586 1608 2706 1691 γὰρ
2753 1608 2945 1681 αὑτὸς
2989 1610 3169 1672 πάντ’

713 1701 1084 1767 ἐπίστασθαι
1128 1702 1382 1784 βροτῶν
1423 1699 1431 1783 Ι
1470 1702 1775 1784 πέφυκεν.
1911 1700 2092 1764 πάντ’
2146 1697 2257 1783 -]
2307 1697 2394 1762 Cf.
2444 1697 2514 1763 Ο.
2548 1698 2618 1763 R.
2653 1700 2799 1763 823.
2845 1703 2973 1769 πᾶς
3013 1699 3168 1762 ἅνα-

714 1816 881 1875 γνος.
930 1790 1026 1853 ΕΙ.
1077 1791 1221 1853 301.
1290 1790 1326 1853 ὁ
1371 1789 1551 1854 πάντ’
1599 1791 1872 1862 ἄναλκις.
1924 1788 1994 1853 Ο.
2026 1787 2099 1852 R.
2151 1789 2338 1851 1197.
2384 1794 2497 1852 τοῦ
2543 1787 2725 1851 πάντ’
2771 1788 3170 1871 εὐδαίμονος.

802 1879 1147 1964 ἐπιστήμης
1190 1878 1427 1965 πλέων]
1486 1879 1576 1944 Cf.
1625 1881 1723 1964 Aj.
1776 1881 1963 1943 1150.
2012 1879 2214 1961 ἄνδρα
2265 1914 2346 1923 -
2393 1879 2645 1960 μωρίας
2690 1878 2920 1942 πλέων.
2983 1880 3172 1941 1112.

713 1973 774 2037 οἱ
835 1970 1040 2034 πόνου
1103 1969 1344 2033 πολλοῦ
1408 1969 1600 2052 πλέῳ.
1667 1970 1781 2035 Ph.
1833 1969 2020 2033 1074.
2088 1970 2301 2032 οἴκτου
2348 1967 2573 2039 πλέως.
2640 1967 2732 2034 ΕΙ.
2782 1968 2929 2031 607.
2984 1968 3172 2031 1405.

714 2062 812 2144 Aj.
864 2061 1008 2123 745.
1055 2057 1168 2123 Ph.
1220 2059 1320 2122 39.
1368 2057 1439 2123 O.
1473 2058 1538 2124 O.
1593 2060 1780 2123 1162.

896 2167 1040 2231 722.
1089 2166 1148 2230 εἰ
1188 2166 1248 2229 δ’
1296 2164 1435 2251 οὗν]
1502 2165 1592 2231 Of.
1641 2166 1712 2231 O.
1746 2166 1817 2231 R.
1867 2167 2014 2230 851.
2081 2167 2139 2229 εἴ
2198 2164 2256 2228 δ’
2305 2161 2421 2229 οὖν
2482 2189 2536 2228 τι
2590 2165 3009 2247 κάκτρέποιτο
3057 2171 3173 2230 etc.

715 2256 943 2321 Aesch.
992 2256 1110 2339 Ag.
1163 2256 1352 2318 1042.
1426 2257 1485 2319 εἰ
1535 2254 1592 2319 δ’
1650 2253 1768 2319 οὖν
1831 2255 2077 2338 ἀνάγκη
2142 2254 2277 2338 τῇδ’
2351 2255 2678 2337 ἐπιρρέποι
2748 2254 2956 2338 τύχης.
3026 2255 3174 2318 662.

717 2344 824 2410 ΟΙ1.
876 2345 1021 2408 564.
1069 2344 1219 2408 Eur.
1250 2343 1440 2409 Here.
1475 2347 1621 2408 211.
1670 2346 1728 2409 εἰ
1770 2344 1828 2408 δ’
1876 2342 1992 2409 οὖν
2026 2382 2107 2390 -
2140 2344 2360 2415 θέλεις.
2410 2343 2565 2408 ΡΙιιῐ.
2598 2343 2783 2428 Resp.
2816 2343 2931 2407 ΠΙ.
2955 2344 3084 2407 388
3107 2343 3173 2408 C.

719 2437 777 2500 εἰ
819 2433 878 2500 δ’
926 2432 1044 2498 οὖν
1095 2432 1320 2508 θεοὺς,
1383 2434 1573 2517 μήτοι
1634 2434 1744 2499 τόν
1809 2458 1878 2517 γε
1939 2435 2230 2517 μέγιστον
2277 2438 2390 2496 etc.
2457 2432 2505 2496 Ι.
2555 2434 2679 2497 337
2717 2432 2783 2497 Ο.
2849 2435 2908 2497 εἰ
2949 2433 3007 2497 δ’
3057 2432 3177 2497 οὗν

716 2523 826 2588 καὶ
885 2525 978 2607 μή
1045 2526 1208 2588 ἐστιν
1262 2524 1489 2606 ὅμοιον
1536 2530 1652 2589 etc.
1730 2523 2035 2588 Similiter
2091 2523 2238 2586 Eur.
2286 2522 2476 2606 Hipp.
2527 2523 2671 2586 508.
2807 2521 3031 2606 ταύτῃ]
3086 2521 3175 2586 Cf.

718 2613 788 2680 Ο.
823 2612 889 2678 O.
943 2613 1128 2677 1300.
1194 2612 1306 2677 Ph.
1360 2614 1547 2678 1331.
1613 2612 1771 2679 Plat.
1822 2612 1981 2678 Crat.
2035 2615 2133 2677 18.
2207 2612 2315 2676 καὶ
2376 2618 2565 2677 ταῦτα
2629 2611 2750 2694 μὲν
2818 2612 2895 2696 δὴ
2962 2613 3174 2696 ταύτῃ.

717 2704 951 2768 Herod.
1001 2703 1082 2767 II.
1131 2702 1233 2766 60.
1299 2709 1488 2767 ταῦτα
1552 2704 1672 2787 μὲν
1728 2705 1806 2787 δὴ
1856 2703 2044 2786 ταύτῃ
2097 2704 2383 2767 ποιέεται.
2565 2702 2798 2786 ῥέπειν]
2849 2701 2938 2767 Cf.
2987 2701 3176 2786 Soph.

724 2791 794 2857 Ο.
829 2791 900 2857 R.
950 2793 1097 2856 847.
1146 2797 1375 2875 σαφῶς
1416 2794 1423 2875 Ι
1465 2793 1630 2857 τοῦτ’
1675 2794 1836 2857 ἐστὶν
1882 2794 2005 2876 ἤδη
2052 2794 2325 2875 τοῦργον
2370 2793 2455 2862 εἰς
2501 2792 2613 2875 ἐμὲ
2659 2793 2871 2875 ῥέπον.

907 2900 1050 2963 723.
1098 2906 1227 2963 τῶν
1272 2900 1584 2982 λεγόντων
1630 2898 1734 2985 εὖ]
1799 2900 1846 2964 Ι.
1895 2920 1945 2964 e.
2010 2905 2138 2964 τῶν
2195 2898 2264 2963 εὗ
2321 2900 2646 2982 λεγόντων.
2726 2898 2816 2962 Cf.
2870 2900 3055 2963 1031.
3104 2900 3177 2964 τὸ

720 2990 1074 3072 μανθάνειν
1120 2988 1178 3053 δ’
1226 2989 1480 3072 ἥδιστον
1525 2987 1595 3054 εὖ
1643 2990 1946 3072 λέγοντος.
2025 2989 2131 3054 Sic
2178 2991 2277 3072 Aj.
2316 2990 2502 3052 1252.
2551 2991 2612 3053 οἱ
2654 2995 3040 3072 φρονοῦντες
3086 2987 3174 3054 εὖ.

901 3080 1029 3142 724
1060 3099 1151 3162 sq.
1200 3078 1288 3143 Cf.
1336 3078 1431 3142 El.
1482 3080 1608 3143 369
1642 3099 1734 3162 sq.

902 3169 1046 3230 725.
1094 3169 1163 3232 σέ
1206 3167 1258 3230 τ’
1305 3166 1387 3232 αὖ
1436 3168 1644 3254 τοῦδ’]
1702 3168 1792 3233 Cf.
1847 3170 2010 3232 1341
2049 3188 2139 3252 sq.
2191 3168 2297 3232 Ph.
2349 3170 2495 3232 426.
2543 3168 2739 3232 Arist.
2788 3167 2933 3252 Lys.
2989 3170 3176 3233 1320.

718 3257 826 3322 καὶ
872 3255 982 3321 τὰν
1028 3255 1168 3321 σιὰν
1215 3256 1275 3321 δ’
1321 3255 1404 3321 αὗ
1451 3257 1562 3322 τὰν
1607 3259 1957 3341 κρατίσταν.

903 3363 1048 3427 726.
1097 3365 1158 3428 οἱ
1199 3364 1511 3447 τηλικοίδε
1559 3403 1642 3411 -
1654 3365 1708 3450 ,·]
1760 3365 1851 3429 Cf.
1899 3365 2127 3430 Aesch.
2162 3366 2279 3448 Ag.
2319 3366 2503 3428 1628.
2552 3366 2778 3448 γνώσει
2826 3367 3035 3449 γέρων
3081 3367 3180 3430 ὢν

721 3454 815 3525 ὥς
863 3454 1274 3518 διδάσκεσθαι
1303 3454 1471 3537 βαρὺ
1514 3455 1523 3536 Ι
1563 3463 1656 3537 τῷ
1685 3436 2062 3538 τηλικούτῳ,
2110 3460 2466 3537 σωφρονεῖν
2504 3456 2851 3538 εἰρημένον.
2898 3455 3179 3538 Theogn.

724 3545 870 3607 578.
915 3544 1007 3626 μή
1054 3567 1138 3626 με
1184 3543 1458 3608 δίδασκ’·
1508 3546 1586 3607 οῦ
1631 3569 1725 3608 τοι
1769 3544 2019 3627 τηλίκος
2065 3544 2188 3626 εἰμὶ
2216 3544 2465 3627 μαθεῖν.
2600 3545 2708 3608 και
2740 3544 2858 3629 --]
2907 3543 2994 3608 Cf.
3031 3546 3177 3609 770.

724 3632 818 3696 ΕΙ.
853 3633 998 3696 385.
1046 3632 1086 3716 ἦ
1134 3638 1324 3697 ταῦτα
1373 3634 1496 3716 γάρ
1526 3634 1721 3715 (vulg.
1756 3634 1867 3717 δή)
1911 3658 1995 3716 με
2024 3634 2131 3697 καὶ
2175 3634 2617 3717 βεβούλευνται
2662 3641 2895 3711 ποιεῖν,·
2946 3635 3040 3717 Aj.
3074 3637 3179 3699 44.

723 3721 762 3804 ἦ
805 3723 912 3786 καὶ
956 3721 1026 3786 τὸ
1071 3723 1373 3806 βούλευμ’
1407 3723 1500 3795 ὡς
1546 3721 1645 3786 ἐπ’
1681 3723 1981 3806 Ἀργείοις
2025 3723 2156 3787 τόδ’
2195 3722 2306 3806 ἦν;
2352 3723 2502 3787 Eur.
2538 3724 2639 3788 Or.
2681 3725 2866 3787 1331.
2913 3723 2953 3808 ἦ
3001 3724 3179 3788 τοῦδ’

722 3812 893 3876 ἕκατι
937 3811 1045 3875 καὶ
1089 3812 1213 3895 βοὴ
1261 3811 1421 3875 κατὰ
1470 3813 1719 3895 στέγας,-

906 3903 1049 3964 728.
1096 3900 1322 3985 μηδὲν]
1370 3899 1697 3967 Minime.
1775 3902 2050 3987 Anglice
2097 3902 2193 3985 by
2237 3921 2333 3966 no
2380 3921 2653 3967 means,

907 3992 1051 4054 729.
1100 3989 1189 4055 Cf.
1237 3990 1404 4055 Men.
1450 3991 1561 4055 IV.
1612 3993 1758 4055 258.
1804 3992 1895 4076 μὴ
1945 3997 2128 4056 τοῦτο
2174 3992 2444 4076 βλέψῃς,
2501 3993 2559 4057 εἶ
2598 3994 2906 4074 νεώτερος
2950 3992 3116 4075 λέγω
3169 3988 3176 4080 Ι

725 4080 857 4144 ἀλλ’
903 4077 973 4144 εὖ
1020 4085 1415 4163 φρονοῦντος
1460 4080 1696 4164 ἀνδρὸς
1742 4083 1800 4145 εἰ
1838 4082 2071 4164 λόγους
2115 4083 2262 4164 ἐρῶ.

907 4188 1051 4251 730.
1098 4188 1286 4270 ἔργον
1334 4225 1418 4234 -
1466 4188 1691 4272 σέβειν]
1760 4189 1848 4254 Cf.
1905 4191 2005 4273 Aj.
2064 4192 2209 4254 852.
2276 4190 2409 4254 ἀλλ’
2476 4191 2663 4255 οὐδὲν
2735 4193 2924 4275 ἔργον
2986 4196 3179 4255 ταῦτα

726 4277 1101 4359 θρηνεῖσθαι
1144 4278 1365 4361 μάτην.
1418 4279 1518 4341 12.

911 4367 1054 4429 731.
1103 4367 1378 4451 εὐσεβεῖν
1434 4369 1499 4438 ἐς
1551 4367 1698 4439 τοὺς
1744 4368 2021 4454 κακοὺς]
2071 4368 2162 4434 Of.
2210 4371 2393 4434 1350.
2442 4371 2527 4441 εἰς
2571 4369 2718 4441 τοὺς
2763 4369 2959 4442 θεοὺς
3005 4370 3178 4435 εὗσε-

726 4461 912 4519 πτεῖν.
970 4455 1130 4520 Phil.
1185 4459 1373 4521 1441.
1431 4457 1706 4540 εὐσεβεῖν
1752 4457 1824 4520 τὰ
1872 4457 2037 4540 πρὸς
2082 4460 2291 4530 θεούς.
2349 4459 2500 4522 Eur.
2545 4459 2646 4524 Fr.
2694 4460 2852 4542 685,
2902 4461 2958 4523 3.
3007 4461 3179 4524 εὗσε-

726 4546 951 4632 βοῦσιν
1005 4547 1090 4619 εἰς
1146 4548 1357 4620 θεούς.
1424 4547 1652 4613 Aesch.
1700 4547 1819 4631 Ag.
1872 4549 2016 4611 338.
2093 4550 2150 4612 εἰ
2192 4549 2250 4614 δ’
2308 4550 2635 4633 εὐσεβοῦσι
2698 4548 2801 4632 (εὗ
2847 4551 3181 4636 σέβουσιΡ)
