3463 5287
1067 1242 1255 1324 AD
1347 1240 2182 1325 LECTOREM.

1462 1454 1782 1462 -—-————-—

568 1610 671 1674 Ex
719 1630 846 1693 quo
893 1613 1169 1696 primum
1215 1611 1547 1698 Sophoclis
1601 1613 1963 1678 fabularum
2012 1613 2309 1680 editionis
2365 1614 2846 1679 concinnandae

387 1739 649 1804 operam
712 1721 1011 1804 suscepi¹
1076 1740 1212 1784 mos
1278 1721 1434 1784 mihi
1498 1723 1624 1785 fuit
1695 1720 2046 1787 identidem
2115 1722 2420 1806 quicquid
2486 1722 2564 1793 ad
2623 1726 2846 1805 poetae

386 1844 747 1891 sermonem
813 1825 1261 1891 illustrandum
1324 1833 1389 1891 et
1460 1834 1739 1894 mentem
1812 1829 2254 1913 explicandam
2330 1828 2486 1893 utile
2557 1830 2845 1894 futurum

386 1933 715 1997 videretur
759 1939 1064 1998 annotare
1110 1939 1174 1998 et
1218 1935 1458 2000 scrinio
1508 1955 1647 2000 meo
1704 1937 2127 2018 committere,
2186 1942 2257 2000 ut
2313 1956 2478 2000 nova
2536 1937 2843 2019 materieS,

386 2042 443 2103 si
487 2040 647 2105 forte
693 2040 891 2105 altera
935 2041 1126 2105 editio
1174 2061 1317 2107 mea
1362 2044 1821 2125 requireretur,
1868 2043 1946 2106 ad
1996 2062 2254 2108 manum
2301 2048 2547 2129 praesto
2593 2048 2771 2106 esset.

565 2145 702 2211 Has
749 2146 1222 2215 observationes
1269 2170 1468 2227 meas,
1518 2170 1678 2234 quas
1723 2151 1957 2234 pariter
2003 2158 2193 2235 atque
2259 2150 2640 2215 Adversaria
2705 2170 2846 2216 mea

385 2255 603 2317 critica
650 2255 715 2317 in
767 2254 1170 2339 Sophoclem,
1229 2254 1641 2342 Spicilegium
1688 2259 2025 2341 tragicum,
2082 2257 2467 2323 Adversaria
2520 2258 2589 2323 in
2634 2258 2844 2322 varios

382 2366 602 2445 poetas
657 2360 932 2427 Graecos
987 2381 1061 2426 ac
1117 2361 1404 2446 Latinos,
1460 2369 1522 2427 et
1577 2364 1966 2429 Adversaria
2019 2367 2086 2428 iu
2144 2365 2522 2448 tragicorum
2570 2363 2843 2428 Graeco-

384 2487 529 2530 rum
560 2468 937 2552 fragmenta,
984 2469 1292 2535 studiosis
1330 2468 1660 2554 Sophoclis
1690 2472 2035 2536 lectoribus
2083 2472 2441 2553 futurisque
2488 2471 2841 2537 editoribus

382 2593 518 2638 non
563 2575 823 2640 inutiles
874 2577 1007 2642 fore
1061 2596 1273 2662 spero,
1338 2579 1404 2641 in
1463 2579 1582 2642 hoc
1636 2579 1940 2643 volumen
1997 2578 2294 2643 collectas
2352 2578 2540 2643 hodie
2603 2578 2843 2664 publici

374 2683 545 2764 juris
588 2684 750 2748 facio
806 2683 1189 2768 lectorisque
1234 2685 1501 2770 benigni
1548 2687 1983 2767 indulgentiae
2030 2687 2425 2751 commendo.

473 2842 840 2908 Scribebam
873 2843 1306 2930 Brightoniae,
1343 2847 1444 2910 26.
1478 2846 1739 2911 Vernon
1768 2845 2053 2930 Terrace,
2087 2847 2241 2912 Maii
2281 2848 2383 2913 die
2422 2849 2523 2911 17.
2562 2848 2749 2912 1903.

562 3092 614 3160 1)
651 3092 887 3162 Oedipus
932 3093 1073 3160 Rex,
1131 3092 1368 3163 Oedipus
1413 3093 1704 3161 Coloneus,
1764 3095 2029 3164 Antigone
2078 3096 2155 3165 (in
2203 3094 2539 3150 Bibliotheca
2589 3095 2838 3163 Classica,

382 3196 486 3236 one
518 3179 751 3250 volume,
789 3180 850 3235 G.
873 3180 1005 3249 Bell,
1050 3182 1273 3237 London
1307 3183 1459 3238 1859.
1518 3184 1840 3238 Philoctetes
1880 3185 2033 3240 1870.
2088 3184 2397 3240 Trachiniae
2437 3184 2592 3239 1871.
2631 3183 2845 3239 Electra

381 3269 536 3325 1873.
576 3270 719 3340 Ajax
759 3271 911 3326 1875.
986 3270 1184 3328 Omnes
1222 3289 1344 3328 cum
1381 3274 1522 3328 notis
1563 3273 1815 3344 AngliciS.
1863 3274 2132 3330 Williams
2167 3276 2272 3330 and
2309 3274 2566 3345 Norgate,
2605 3274 2839 3329 London.
