3463 5287
628 387 757 449 264
1550 403 1803 448 omnpos
1850 402 2151 448 commi-os

625 563 868 648 ματρὸς
914 564 1250 647 ὀνομάζειν
1294 563 1482 647 κάρα.
1528 563 1764 629 Herod.
1802 562 1916 627 HI.
1953 562 2054 626 37.
2102 562 2165 633 ἔς
2210 561 2281 627 τὸ
2329 562 2407 626 οὗ
2452 563 2714 645 θεμιτόν
2760 564 2883 627 ἐστι
2930 564 3083 628 ἐσιέ-

629 679 730 719 ναι
794 654 984 718 ἄλλον
1049 677 1119 736 γε
1174 657 1213 736 ἢ
1270 652 1378 717 τὸν
1443 654 1595 734 ἱρέα.
1662 651 1740 713 V.
1792 654 1890 716 72.
1955 651 2142 716 πάλιν
2204 653 2399 734 χώρει
2461 653 2619 735 μηδ’
2676 654 2838 717 ἔσιθι
2896 654 2960 724 ἐς
3013 652 3085 717 τὸ

629 744 795 828 ἱρόν·
845 745 922 807 οὔ
971 742 1092 825 γὰρ
1139 742 1400 825 θεμιτὸν
1447 742 1759 825 Δωριεῦσι
1805 742 2092 823 παριέναι
2138 741 2432 805 ἐνθαῦτα.

814 833 1001 896 1763.
1047 830 1285 916 θήκην]
1353 831 1442 896 Cf.
1499 832 1594 896 El.
1653 831 1800 895 896.
1864 832 2081 914 θήκην
2143 830 2399 913 πατρός.
2478 831 2700 895 Aesch.
2759 834 2877 915 Ag.
2934 834 3084 896 454.

628 923 842 1006 θήκας
877 920 1141 992 Ἰλιάδος
1187 926 1302 1004 γᾶς
1350 959 1433 968 -
1480 922 1866 1003 κατέχουσιν.
1915 920 2151 984 Herod.
2199 919 2247 982 Ι.
2300 920 2442 983 187.
2490 925 2739 1003 νεκρῶν
2784 922 3012 1004 θήκας.

812 1012 1000 1075 1767.
1048 1009 1196 1082 Διὸς
1241 1009 1470 1094 ὅρκος]
1537 1009 1629 1074 Cf.
1678 1009 1749 1073 O.
1783 1008 1855 1072 R.
1905 1009 2050 1073 647.
2117 1009 2317 1091 ὅρκον
2365 1047 2445 1057 -
2495 1010 2689 1074 θεῶν.
2746 1011 2842 1074 Tr.
2895 1011 3083 1074 1239.

630 1102 807 1165 θεῶν
852 1100 996 1183 ἀρά.

813 1208 1000 1272 1768.
1047 1206 1206 1271 κατὰ
1245 1212 1399 1271 νοῦν
1429 1205 1651 1291 κείνῳ]
1699 1206 2140 1289 According
2186 1212 2258 1270 to
2305 1206 2425 1270 his
2470 1205 2694 1270 mind.
2774 1206 2864 1272 cf.
2898 1206 3083 1291 Soph.

629 1297 728 1363 Fr.
778 1298 924 1361 282.
980 1297 1281 1379 πράξειας
1322 1295 1330 1380 Ι
1370 1295 1528 1360 κατὰ
1575 1302 1731 1361 νοῦν
1791 1295 1901 1360 τὸν
1956 1295 2127 1378 ἐμόν.
2195 1296 2384 1359 Arist.
2433 1296 2577 1360 Pac.
2629 1297 2773 1359 762.
2838 1297 3088 1379 πράξας

632 1386 791 1451 κατὰ
857 1392 1028 1450 νοῦν.
1097 1387 1242 1450 940.
1308 1387 1402 1457 ὡς
1463 1387 1665 1449 πάντα
1716 1422 1799 1431 —-
1847 1390 2050 1468 χωρεῖ
2104 1384 2265 1448 κατὰ
2330 1391 2500 1450 νοῦν.
2577 1384 2692 1468 Eq.
2744 1387 2888 1449 550.
2939 1387 3085 1449 598.

631 1475 788 1539 Plat.
839 1474 999 1539 Phil.
1047 1476 1149 1538 26.
1205 1475 1312 1538 καὶ
1355 1475 1528 1557 μάλα
1577 1512 1658 1520 —-
1708 1476 1924 1557 ἔμοιγε
1967 1474 2126 1538 κατὰ
2173 1480 2346 1538 νοῦν.
2404 1474 2589 1538 Polit.
2640 1476 2785 1539 290.
2835 1475 3084 1557 δωρεὰς

630 1566 807 1636 θεοῖς
851 1564 1011 1628 κατὰ
1076 1570 1232 1629 νοῦν
1295 1565 1555 1634 ἐκείνοις
1619 1564 1984 1646 δωρεῖσθαι.
2049 1563 2203 1626 Tim.
2256 1563 2355 1627 17.
2414 1565 2681 1647 ρηθεῖσα
2728 1569 2879 1628 πᾶσι
2924 1564 3084 1628 κατὰ

630 1660 799 1719 νοῦν.
865 1652 1101 1718 Herod.
1147 1652 1410 1717 IV.·97.
1474 1655 1554 1736 ἤν
1598 1677 1662 1717 τε
1724 1652 1884 1717 κατὰ
1932 1652 2084 1716 νόον
2128 1654 2495 1735 πρήξωμεν.
2567 1652 2674 1718 VI.
2728 1655 2870 1717 130.
2934 1659 3085 1718 πᾶσι

631 1743 790 1807 κατὰ
837 1743 990 1808 νόον
1036 1748 1250 1807 ποιεῖν.
1317 1741 1457 1805 VII.
1512 1743 1653 1805 150.
1720 1745 1800 1825 ἢν
1845 1740 1967 1825 γὰρ
2022 1742 2166 1824 ἐμοὶ
2222 1743 2469 1825 γένηται
2525 1742 2685 1806 κατὰ
2742 1744 2909 1825 νόον,
2954 1743 3085 1806 κτλ.

632 1831 737 1897 Sic
781 1833 941 1896 κατὰ
989 1831 1204 1914 θυμὸν
1252 1831 1493 1896 callim.
1527 1831 1607 1895 H.
1641 1830 1847 1915 Apoll.
1881 1834 1982 1894 28.
2039 1830 2262 1895 Latine
2310 1851 2403 1896 ex
2457 1834 2843 1897 sententia
2888 1833 3081 1913 (Cic).

721 1922 941 2006 κείνῳ]
987 1922 1035 1985 Ι.
1085 1941 1137 1984 e.
1186 1919 1444 2006 Oedipo.

815 2013 1002 2075 1769.
1050 2010 1248 2095 ταῦτ’]
1299 2010 1395 2075 Sc.
1445 2012 1661 2096 lugere
1703 2030 1851 2076 eum
1883 2030 2010 2074 non
2045 2013 2622 2095 appropinquantes
2653 2013 2731 2076 ad
2768 2011 3082 2075 tumulum

633 2103 787 2184 ejus.
923 2099 1234 2185 ἀπαρκοῒ]
1285 2099 1376 2164 Cf.
1425 2100 1652 2165 Aesch.
1699 2102 1818 2184 Ag.
1869 2101 2013 2164 363.
2061 2100 2234 2165 Pers.
2281 2103 2428 2164 475.
2478 2099 2625 2165 Eur.
2682 2101 2780 2165 Fr.
2831 2102 2978 2184 892,
3026 2104 3086 2164 4.

634 2192 755 2254 οῦκ
802 2191 1083 2273 ἀπαρκεῖ
1119 2190 1473 2273 πλησμονή.

817 2297 1004 2360 1770.
1053 2295 1400 2379 ὠγυγίους]
1450 2295 1541 2360 Cf.
1589 2295 1702 2360 Ph.
1756 2299 1898 2361 142.
1947 2296 2174 2361 Aesch.
2219 2296 2388 2361 PerS.
2425 2297 2569 2360 967.
2616 2296 2727 2366 τὰς
2773 2298 3089 2379 ὠγυγίους

633 2422 719 2433 —
757 2386 1052 2456 Ἀθάνας.
1119 2385 1268 2449 Eur.
1325 2386 1440 2449 Ph.
1503 2386 1689 2449 1120.
1766 2387 2008 2468 ὠγύγια
2084 2388 2170 2457 εἰς
2232 2386 2602 2467 πυλώματα.
2679 2385 2931 2450 Incerta
2993 2394 3091 2450 est

634 2475 929 2540 vocabuli
995 2475 1323 2540 derivatio.
1409 2473 1642 2539 Confer
1706 2476 2053 2559 epithetum
2118 2474 2409 2556 Κρόνιος.
2591 2476 2701 2539 ἐάν
2766 2474 2941 2560 πως]
3008 2476 3087 2539 Si

634 2566 843 2629 forte.
923 2564 1011 2628 Cf.
1075 2564 1173 2627 Tr.
1225 2565 1370 2626 584.
1437 2564 1593 2627 Plat.
1646 2564 1778 2627 Alc.
1826 2563 1874 2626 I.
1928 2566 2070 2627 122.
2134 2564 2302 2648 μηδὲ
2365 2571 2548 2628 τοῦτο
2614 2567 2766 2648 ἡμῖν
2812 2565 3088 2649 ἄρρητον

634 2657 822 2728 ἔστω,
871 2655 980 2718 ἐάν
1025 2677 1169 2724 πως
1214 2654 1407 2736 αἴσθῃ
1457 2650 1533 2716 οὗ
1581 2652 1648 2717 εἴ.
1699 2655 1889 2718 Arist.
1935 2654 2089 2718 Ran.
2145 2655 2286 2718 175.

817 2761 1003 2825 1771.
1052 2760 1222 2824 ἰόντα
1256 2759 1460 2842 φόνον
1495 2762 1609 2840 -]
1668 2760 1964 2843 Anglice,
2015 2760 2137 2824 the
2182 2761 2632 2845 impending
2677 2763 3087 2845 slaughter.

636 2849 726 2914 Cf.
774 2850 869 2913 El.
918 2851 1064 2912 374.
1128 2849 1334 2913 κακὸν
1381 2887 1464 2896 -
1513 2850 1598 2919 εἰς
1660 2849 1857 2932 αὐτὴν
1910 2850 2007 2914 ἷόν
2046 2849 2055 2932 Ι
2097 2851 2361 2933 ἥκουσα.
2412 2853 2558 2915 Ant.
2612 2852 2709 2914 10.
2776 2853 3087 2934 στείχοντα

635 2977 719 2986 —
766 2941 956 3004 κακά.
1009 2940 1150 3003 186.
1199 2939 1352 3021 ἄτην
1401 2975 1481 2984 -
1531 2940 1896 3021 στείχουσαν
1941 2940 2165 3010 ἀστοῖς.

818 3030 1005 3092 1774.
1052 3028 1396 3111 πρόσφορά
1461 3028 1529 3091 θ’
1593 3028 1766 3112 ὑμῖν]
1834 3027 1925 3092 Cf.
1985 3027 2077 3091 El.
2138 3030 2283 3091 227.
2358 3029 2740 3111 πρόσφορον
2788 3069 2870 3076 ——
2919 3031 3087 3101 ἔπος.

636 3119 826 3181 Arist.
860 3117 1050 3201 Vesp.
1089 3118 1232 3180 737.
1280 3118 1386 3181 καὶ
1421 3117 1552 3201 μὴν
1582 3119 1819 3200 θρέψω
1868 3118 1924 3200 γ’
1972 3117 2163 3181 αὐτὸν
2208 3119 2512 3201 παρέχων
2554 3121 2562 3198 Ι
2604 3120 2722 3182 ὅσα
2769 3120 3087 3202 πρεσβύτῃ

635 3208 938 3290 ξύμφορα
987 3207 1428 3289 (πρόσφοραΡ)
1478 3244 1586 3268 ——.
1637 3208 1784 3270 809.
1850 3208 2058 3289 σοφόν
2115 3231 2182 3289 γε
2236 3208 2403 3271 τουτὶ
2449 3208 2555 3271 καὶ
2602 3209 2842 3291 γέροντι
2888 3210 3086 3291 πρόσ-

635 3320 845 3379 φορον
878 3334 987 3358 -.
1053 3295 1203 3359 Eur.
1253 3295 1393 3359 Hel.
1443 3298 1588 3359 428.
1634 3296 1836 3378 μόνος
1885 3296 1954 3360 δὲ
2000 3302 2205 3360 νοστῶ
2250 3303 2378 3367 τοῖς
2424 3298 2557 3361 ἐκεῖ
2587 3300 2794 3381 ζητῶν
2826 3299 3028 3381 φίλοις
3078 3297 3084 3378 Ι

633 3385 706 3449 τὰ
753 3385 1115 3468 πρόσφορα.
1165 3386 1420 3469 Antiph.
1462 3386 1564 3467 62,
1603 3387 1654 3447 1.
1700 3385 1811 3456 τὰς
1854 3386 2272 3468 προσφόρους
2314 3384 2322 3469 Ι
2362 3387 2510 3468 ὑμῖν
2554 3388 2812 3469 τροφάς.
2862 3387 3089 3451 Aesch.

636 3473 783 3538 ChO.
835 3475 980 3538 699.
1057 3474 1236 3538 Eum.
1287 3476 1432 3537 207.
1499 3475 1690 3538 Arist.
1739 3472 1907 3538 Eccl.
1959 3476 2102 3537 514.
2179 3475 2293 3539 σὸν
2369 3475 2425 3539 ὂ’
2491 3478 2678 3557 ἔργον
2740 3477 2928 3540 τᾶλλα
2998 3477 3088 3539 ὀι-

638 3564 907 3638 ὁάσκειν,
950 3564 957 3646 Ι
1000 3565 1041 3628 ὅ
1101 3588 1154 3626 τι
1218 3587 1316 3627 σοι
1374 3564 1616 3645 ὁρῶσαι
1672 3564 2010 3647 ξύμφορον
2066 3566 2246 3648 ἡμεῖς
2307 3565 2582 3647 δόξομεν
2647 3566 2871 3648 ὀρθῶς
2924 3566 3085 3629 ὑπα-

634 3677 862 3719 κουειν.

819 3761 1006 3824 1775.
1052 3759 1218 3845 νέον]
1267 3760 1314 3824 Ι.
1365 3780 1421 3842 q.
1469 3761 1703 3824 νεωστί.
1784 3761 1872 3825 Cf.
1922 3762 2148 3825 Aesch.
2198 3761 2297 3825 Pr.
2349 3763 2450 3824 35.
2507 3762 2676 3833 ἅπας
2732 3762 2802 3826 δὲ
2857 3762 3090 3845 τραχὺς

635 3851 800 3920 ὅστις
845 3852 924 3913 ἂν
969 3851 1114 3914 νέον
1159 3857 1363 3933 κρατῇ
1409 3849 1636 3929 (Schol.
1683 3850 1953 3928 νεωστί).
2004 3852 2104 3914 39.
2152 3858 2243 3933 τῷ
2286 3852 2429 3915 νέον
2462 3852 2767 3915 θακοῦντι
2797 3875 3087 3934 παγκρα-

632 3945 755 4009 τεῖς
800 3940 1006 4022 ἔδρας.
1058 3941 1202 4003 991.
1250 3940 1396 4003 νέον
1440 3940 1568 4003 νέοι
1615 3946 1907 4021 κρατεῖτε.
1956 3938 2143 4003 Hom.
2193 3939 2307 4004 od.
2362 3941 2469 4022 19,
2518 3943 2662 4006 518.
2711 3942 2901 4022 ἔαρος
2946 3942 3091 4006 νέον

635 4030 1006 4111 ἱσταμένοιο.
1142 4036 1235 4111 τῷ
1282 4066 1365 4074 -
1412 4028 1577 4111 πρὸς
1621 4028 1829 4114 χάριν]
1878 4027 1964 4091 Cf.
2015 4029 2275 4112 Antiph.
2316 4049 2474 4094 com.
2508 4028 2621 4094 III.
2662 4031 2802 4093 152.
2851 4032 2974 4113 ὗιῷ
3012 4069 3089 4078 --

633 4142 685 4182 τι
731 4119 1026 4199 πράττων
1070 4118 1234 4200 πρὸς
1278 4118 1479 4201 χάριν.

818 4226 1006 4290 1777.
1054 4226 1154 4289 ἐπὶ
1203 4262 1283 4270 —-
1333 4224 1624 4310 ἐγείρετε]
1687 4225 1808 4290 Per
1854 4227 2079 4291 tmesin
2138 4228 2413 4309 positum
2471 4247 2584 4310 pro
2640 4226 2795 4310 μηδ’
2854 4228 3088 4309 ἐπεγεί-

634 4339 771 4396 ρετε
816 4315 1010 4379 πλείω
1056 4315 1320 4398 θρῆνον.
1397 4314 1502 4379 Sic
1538 4319 1682 4378 Ant.
1721 4315 1907 4379 1107.
1953 4317 2106 4398 μηό’
2155 4317 2252 4379 ἐπ’
2300 4317 2570 4381 ἄλλοισιν
2615 4319 2815 4398 τρέπε.
2867 4318 3090 4382 Aesch.

635 4405 817 4468 Eum.
853 4406 1000 4467 434.
1048 4404 1087 4487 ἦ
1135 4405 1290 4469 κάπ’
1338 4405 1479 4487 ἐμοὶ
1524 4404 1791 4486 τρέποιτ’
1838 4407 1917 4469 ἂν
1948 4407 2143 4476 αἰτίας
2177 4407 2385 4483 τέλος,·
2464 4405 2549 4471 Cf.
2586 4409 2732 4470 511.
2780 4406 2849 4470 τὸ
2897 4407 3090 4470 πάλαι

634 4495 925 4576 κείμενον
971 4495 1093 4577 ἤδη
1142 4494 1348 4558 κακὸν
1394 4496 1746 4576 ἐπεγείρειν.
