3463 5287
1495 447 1787 491 AN'rloome
2742 428 2774 489 1
2789 428 2821 489 1
2832 429 2866 489 7

601 607 786 668 1152.
834 607 911 669 αἶ’
944 630 1013 669 σε
1063 643 1145 652 -·
1193 606 1501 688 πάννυχοι
1546 606 1915 691 χορεύουσι]
1985 606 2072 670 Of.
2129 608 2270 669 152.
2326 608 2503 670 θεῶν
2561 605 2628 670 δὲ
2674 604 2870 677 ναοὺς

417 701 633 778 χοροῖς
675 697 1039 778 παννυχίοις
1083 697 1320 766 πάντας
1365 697 1757 778 ἐπέλθωμεν.

600 787 787 847 1153.
835 782 1131 870 θυίαισιν]
1188 785 1279 850 cf.
1327 785 1479 849 Hor.
1529 786 1643 849 Od.
1691 785 1772 849 ΙΙ.
1828 787 1924 848 19.
1975 786 2029 848 9.
2078 786 2464 868 ‘pervicaces
2512 822 2594 831 —
2641 785 2867 849 Thuia-

420 873 558 937 das’
607 872 720 938 ΙΙΙ.
773 875 871 937 15.
926 876 1023 938 10.
1097 874 1309 958 ‘pulso
1371 874 1605 939 Thuias
1669 877 1761 938 uti
1829 875 2077 939 concita
2143 875 2484 960 tympano?
2556 874 2716 958 Θυίη
2777 881 2871 939 est

417 963 649 1027 Herod.
682 963 790 1027 VI.
830 965 972 1027 178.
1128 989 1132 993 ·

599 1053 784 1116 1154.
831 1053 1199 1137 χορεύουσι]
1266 1051 1581 1117 Choreis
1645 1053 2055 1118 celebrant.
2142 1054 2233 1118 Cf.
2284 1054 2354 1117 Ο.
2388 1052 2459 1116 R.
2512 1054 2698 1117 1093.
2762 1054 2870 1118 καὶ

415 1143 795 1224 χορεύεσθαι
840 1142 1003 1225 πρὸς
1049 1143 1129 1223 (σ’
1176 1143 1355 1225 ὗφῬ)
1401 1145 1605 1226 ἡμῶν.

601 1233 786 1295 1155.
835 1231 1112 1315 Κάδμου
1166 1234 1464 1315 πάροικοι
1514 1231 1630 1316 -]
1698 1232 1789 1296 Of.
1850 1232 1999 1296 Eur.
2049 1233 2245 1295 Andr.
2293 1235 2398 1296 43.
2465 1232 2690 1314 δόμων
2743 1234 2866 1295 πά-

415 1345 638 1401 ροικον
691 1319 947 1392 Θέτιδις.
1001 1323 1187 1385 1090.
1234 1321 1388 1392 λαός
1435 1323 1711 1405 οἰκήτωρ
1760 1322 1938 1385 θεοῦ.
2083 1322 2189 1386 καὶ
2238 1322 2463 1405 δόμων
2500 1321 2844 1404 Ἀμφίονος

417 1410 507 1474 Cf.
555 1411 758 1474 Arist.
795 1413 914 1475 AV.
968 1413 1155 1474 1247.
1217 1412 1511 1494 μέλαθρα
1575 1410 1694 1493 μὲν
1758 1412 1954 1474 αὐτοῦ
2009 1411 2115 1475 καὶ
2173 1412 2416 1493 δόμους
2461 1412 2807 1493 Ἀμφίονος

415 1500 901 1564 καταιθαλώσω.
953 1501 1178 1565 Aesch.
1225 1499 1323 1563 Fr.
1379 1501 1520 1563 160.
1569 1501 1676 1564 καὶ
1724 1500 1968 1582 δόμους
2005 1502 2366 1583 Ἀμφίονος.

601 1591 724 1650 158
757 1610 847 1670 sq.
897 1590 1017 1672 γὰρ
1066 1590 1261 1672 ὀρθοῖ
1301 1588 1418 1673 -]
1469 1589 1556 1652 Cf.
1604 1590 1700 1653 Fr.
1757 1590 1855 1670 14,
1906 1592 1962 1651 5.
2020 1590 2169 1652 ὅταν
2218 1590 2286 1653 δὲ
2335 1590 2586 1672 δαίμων
2632 1590 2868 1671 ἀνδρὸς

415 1680 716 1760 εὐτυχοῦς
777 1678 847 1741 τὸ
910 1679 1107 1761 πρὶν]
1155 1679 1475 1760 πλάστιγγ’
1540 1679 1745 1761 ἐρείσῃ
1812 1679 2174 1761 (πλάστιγγα
2241 1680 2486 1762 ῥέψῃῗ)
2549 1685 2659 1742 τοῦ
2723 1681 2866 1761 βίου

413 1767 854 1849 παλίντροπον,
904 1776 1018 1832 ete.
1068 1768 1426 1832 Archiloch.
1460 1768 1558 1831 Fr.
1595 1769 1694 1830 56.
1742 1769 2043 1838 πολλάκις
2088 1769 2207 1850 μὲν
2239 1770 2310 1831 ἐκ
2357 1774 2583 1831 κακῶν
2629 1769 2869 1851 ἄνδρας

416 1858 725 1938 ὀρθοῦσιν
786 1857 1049 1941 μελαίνῃ
1114 1859 1443 1939 κειμένους
1507 1858 1606 1921 ἐπὶ
1669 1857 1884 1940 χθονὶ,
1960 1858 2261 1928 πολλάκις
2327 1858 2384 1920 δ’
2450 1858 2867 1938 ἀνατρέπουσι

413 1947 521 2008 καὶ
565 1946 716 2028 μάλ’
764 1945 834 2010 εὖ
879 1948 1233 2030 βεβηκότας
1279 1948 1536 2016 ὑπτίους
1581 1946 1875 2010 κλίνουσ’.
1923 1947 2076 2011 Hor.
2112 1947 2316 2010 Carm.
2346 1947 2393 2010 I.
2418 1948 2517 2009 35.
2543 1950 2599 2009 2.
2651 1946 2867 2010 ‘Prae-

414 2056 561 2100 sens
625 2036 728 2100 vel
795 2036 923 2099 imo
989 2037 1209 2101 tollere
1274 2035 1351 2099 de
1414 2036 1615 2118 gradu
1657 2037 1665 2117 Ι
1713 2037 1976 2100 mortale
2041 2056 2270 2120 corpus
2335 2036 2433 2100 vel
2500 2035 2804 2119 superbos
2855 2034 2861 2121 Ι

417 2132 659 2189 vertere
707 2125 1036 2189 funeribus
1092 2127 1481 2209 triumphos.’
1634 2125 2045 2208 καταρρέπει]
2122 2124 2421 2207 Dejicit.
2502 2123 2589 2187 Cf.
2638 2126 2864 2189 Aeseh.

417 2215 595 2277 Eunu.
630 2217 775 2277 888.
843 2217 920 2278 οῦ
975 2218 1087 2278 τᾶν
1144 2216 1406 2285 δικαίως
1459 2216 1596 2298 τῇδ’
1653 2216 2013 2297 ἐπιρρέποις
2067 2216 2243 2278 πόλει
2285 2216 2292 2295 Ι
2340 2216 2529 2297 μῆνίν
2574 2218 2698 2277 τιν’.
2750 2217 2865 2296 Ag.

414 2306 561 2367 249.
610 2303 765 2387 Δίκη
835 2305 904 2367 δὲ
967 2310 1094 2374 τοῖς
1155 2304 1274 2385 μὲν
1337 2306 1657 2367 παθοῦσιν
1719 2305 1953 2387 μαθεῖν
2000 2306 2330 2386 ἐπιρρέπει.
2395 2304 2669 2387 Theogu.
2726 2306 2866 2366 157.

416 2392 577 2463 Ζεὺς
625 2394 744 2475 γάρ
791 2417 883 2455 τοι
927 2393 998 2456 τὸ
1043 2394 1343 2457 τάλαντον
1390 2394 1705 2476 ἐπιρρέπει
1752 2393 1968 2456 ἄλλοτε
2015 2392 2240 2473 (ἄλλοτ’
2288 2393 2386 2456 ἐπ’
2399 2393 2452 2474 P)
2499 2393 2686 2474 ἄλλῳ.

597 2483 783 2545 1160.
834 2482 925 2546 Cf.
973 2484 1072 2566 Aj.
1127 2484 1312 2546 1419.
1369 2484 1517 2565 πρὶν
1563 2483 1714 2546 ι’δεῖν
1763 2483 1821 2546 δ’
1871 2482 2077 2552 οὐδεὶς
2122 2483 2342 2564 μάντις
2382 2482 2390 2563 Ι
2430 2487 2559 2545 τῶν
2603 2482 2864 2564 μελλόν-

413 2596 540 2634 των
605 2572 646 2634 ὅ
687 2597 740 2634 τι
805 2573 1044 2653 πράξει.
1117 2571 1215 2635 Tr.
1267 2574 1455 2648 1272.
1518 2571 1591 2634 τὰ
1656 2572 1776 2655 μὲν
1851 2570 1967 2634 οὖν
2038 2571 2320 2653 μέλλοντ’
2387 2571 2593 2641 οὐδεὶς
2657 2572 2866 2654 ἐφορᾷ

414 2664 771 2744 (προορᾷῖ).
837 2662 935 2726 Fr.
987 2663 1131 2724 516.
1197 2662 1291 2732 ὡς
1338 2663 1457 2725 οὐκ
1513 2663 1673 2725 ἔστιν
1714 2662 1722 2744 Ι
1764 2662 1928 2744 πλὴν
1974 2661 2122 2731 Διὸς
2179 2661 2386 2731 οὐδεὶς
2430 2665 2559 2724 τῶν
2603 2661 2862 2742 μελλόν-

413 2776 540 2814 των
581 2752 590 2830 Ι
630 2753 880 2833 ταμίας,
928 2752 969 2814 ὅ
1010 2776 1063 2814 τι
1109 2752 1231 2834 χρὴ
1279 2751 1645 2814 τετελέσθαι.
1698 2750 1767 2812 Ο.
1802 2750 1872 2814 R.
1926 2752 2068 2814 709.
2116 2750 2376 2814 Hesiod.
2428 2750 2520 2812 Fr.
2558 2753 2658 2812 52.
2703 2751 2863 2831 μάν-

415 2866 499 2910 τις
547 2840 605 2903 δ’
654 2842 860 2911 οὐδείς
915 2843 1077 2904 ἐστιν
1133 2841 1518 2922 ἐπιχθονίων
1565 2841 1941 2923 ἀνθρώπων
1989 2846 2102 2904 etc.
2154 2840 2324 2922 Virg.
2375 2842 2534 2903 Aen.
2584 2839 2666 2903 X.
2720 2842 2864 2902 502.

597 2931 782 2992 1161.
830 2930 922 3000 ὡς
977 2929 1149 3013 ἐμοὶ]
1217 2930 1308 2993 Cf.
1365 2930 1463 3012 Aj.
1515 2931 1659 2994 395.
1735 2930 1814 2993 ἷὼ
1879 2930 2129 3000 σκότος,
2205 2929 2361 3010 ἐμὸν
2427 2929 2595 3011 φάος
2642 2965 2727 2975 ——-
2775 2930 2868 2999 ὡς

413 3019 570 3100 ἐμοί.
625 3021 812 3081 1282.
862 3017 931 3081 Ο.
966 3019 1030 3083 C.
1068 3020 1168 3081 76.
1218 3024 1524 3100 γενναῖος,
1572 3018 1665 3089 ῶς
1710 3019 1916 3081 ἰδόντι.
1968 3020 2068 3081 20.
2118 3016 2187 3080 Ο.
2220 3017 2292 3080 R.
2333 3019 2478 3081 436.
2526 3016 2676 3081 Eur.
2727 3019 2865 3083 Alc.

414 3111 560 3172 801.
607 3109 701 3178 ὥς
747 3111 802 3190 γ’
850 3108 991 3190 ἐμοὶ
1036 3108 1318 3191 χρῆσθαι
1362 3114 1559 3191 κριτῇ.
1606 3107 1743 3172 Ion.
1783 3108 1968 3171 1539.
2014 3106 2084 3169 τὸ
2133 3108 2313 3189 γένος
2345 3107 2533 3172 οὐδὲν
2577 3107 2867 3190 μεμπτὸν

412 3197 506 3268 ὡς
551 3199 702 3280 ἡμῖν
745 3197 906 3261 τόδε.

596 3287 782 3350 1162.
830 3288 1044 3357 σώσας
1080 3325 1159 3332 —-
1194 3286 1475 3371 ἐχθρῶν]
1525 3286 1612 3350 Cf.
1656 3285 1767 3349 Ph.
1803 3287 1947 3349 919.
1996 3290 2198 3348 σῶσαι
2244 3292 2453 3349 κακοῦ
2502 3287 2615 3367 (σε)
2664 3286 2865 3349 τοῦδε.

417 3376 508 3439 ΕΙ.
565 3377 749 3439 1133.
814 3376 963 3459 πρὶν
1013 3413 1090 3421 -
1140 3377 1642 3440 κάνασώσασθαι
1707 3376 1932 3458 φόνου.
2008 3374 2156 3438 Eur.
2205 3374 2309 3437 Or.
2361 3376 2504 3438 779.
2571 3377 2863 3458 σωθῆναι

410 3470 653 3528 κακῶν.
716 3465 854 3528 Tro.
904 3466 1049 3528 684.
1116 3467 1407 3548 σωθῆναι
1470 3466 1707 3529 πόνων.
1777 3465 1911 3528 Alc.
1965 3465 2108 3527 770.
2165 3470 2391 3528 κακῶν
2449 3463 2569 3547 γὰρ
2615 3466 2866 3546 μυρίων

411 3555 687 3637 ἐρρύετο.

595 3645 781 3706 1163.
828 3645 1099 3727 παντελῆ
1161 3642 1539 3727 μοναρχίαν]
1607 3642 1989 3707 Summum
2052 3644 2470 3727 imperium.
2552 3642 2641 3706 Of.
2692 3643 2762 3706 Ο.
2798 3642 2863 3706 O.

419 3735 603 3796 1293.
651 3734 1002 3815 πανάρχοις
1050 3770 1130 3780 -
1179 3733 1458 3815 θρόνοις.
1506 3734 1734 3798 Aesch.
1783 3732 1945 3816 Sept.
2000 3734 2141 3795 116.
2190 3731 2247 3796 ὦ
2295 3733 2422 3795 Ζεῦ
2467 3733 2690 3814 πάτερ,
2738 3736 2864 3794 πᾶν

409 3823 583 3892 τέλος
646 3825 719 3893 ὃς
781 3824 1002 3904 νέμεις.
1075 3822 1225 3886 Cho.
1287 3822 1431 3885 965.
1500 3822 1804 3905 παντελὴς
1866 3822 2137 3904 πρόμος.
2224 3822 2271 3884 Ι.
2322 3843 2377 3904 q.
2442 3826 2571 3884 πᾶν
2634 3822 2866 3903 κράτος

410 3911 601 3986 (Phil.
657 3913 837 3991 142).
972 3912 1266 3995 παντελῆ]
1313 3910 1606 3991 Entire,
1654 3912 2052 3995 complete,
2100 3910 2464 3975 absolute.
2544 3910 2631 3974 Cf.
2677 3911 2863 3974 1016.

410 4001 483 4065 O.
517 4002 587 4065 R.
639 4002 783 4065 930.
830 4001 1135 4084 παντελὴς
1183 4002 1415 4084 δάμαρ.

596 4091 781 4152 1164.
830 4089 1093 4174 εὔθυνε]
1160 4089 1248 4154 Cf.
1302 4092 1444 4154 178.
1511 4095 1720 4153 πᾶσαν
1786 4091 2081 4154 εὐθύνων
2136 4089 2333 4152 πόλιν.
2471 4089 2733 4152 θάλλων
2781 4126 2863 4134 -

410 4178 654 4263 σπορᾷ]
711 4179 799 4243 Of.
849 4178 1030 4243 Pind.
1080 4179 1174 4242 Ol.
1223 4178 1338 4242 IX.
1393 4181 1488 4243 18.
1538 4180 1755 4243 θάλλει
1804 4180 1860 4242 δ’
1908 4180 2232 4262 ἀρεταῖσιν.
2283 4179 2351 4242 Ρ.
2385 4178 2501 4241 XI.
2541 4179 2640 4241 53.
2688 4178 2865 4261 ὄλβῳ

409 4269 732 4331 τεθαλότα.

593 4358 762 4420 1165
795 4377 886 4439 sq.
933 4357 1041 4428 τὰς
1097 4356 1217 4439 γὰρ
1273 4356 1511 4439 ἡδονὰς
1560 4357 1675 4440 -]
1734 4357 1825 4421 Cf.
1877 4357 2060 4422 Alex.
2108 4356 2219 4419 III.
2272 4359 2416 4420 518.
2472 4354 2582 4425 τὰς
2628 4355 2866 4439 ἡδονὰς

412 4448 510 4510 δεῖ
547 4447 859 4528 συλλέγειν
894 4446 1003 4510 τὸν
1034 4447 1369 4529 σώφρονα·
1411 4445 1420 4528 Ι
1460 4452 1621 4528 τρεῖς
1669 4447 1726 4509 δ’
1776 4447 1922 4509 εἰσὶν
1968 4449 2044 4509 αἴ
2078 4470 2147 4528 γε
2182 4446 2294 4528 τὴν
2328 4447 2596 4527 δύναμιν
2641 4470 2863 4527 κεκτη-

407 4537 592 4618 μέναι
632 4537 642 4623 Ι
681 4535 794 4621 τὴν
856 4536 949 4608 ὡς
1004 4536 1268 4620 ἀληθῶς
1325 4536 1683 4600 συντελοῦσι
1741 4544 1831 4618 τῷ
1893 4537 2044 4619 βίῳ,
2086 4537 2097 4620 Ι
2137 4535 2206 4599 τὸ
2271 4543 2448 4610 πιεῖν,
2504 4534 2576 4598 τὸ
2623 4541 2863 4619 φαγεῖν,
