3463 5287
1450 450 1614 535 *AJAx
2682 471 2766 535 35

490 649 677 713 1304.
728 647 820 713 Cf.
866 647 1016 713 Eur.
1062 649 1201 733 Iph.
1248 649 1325 712 A.
1373 651 1475 714 28.
1531 648 1768 732 ἀνδρὸς
1814 649 2132 730 ἀριστέως.
2188 648 2353 715 Med.
2404 650 2460 713 5.
2508 648 2767 733 ἀνδρῶν

306 738 582 821 ἀρίστων
626 738 955 823 (ἀριστέων
998 738 1213 818 Pors.).
1262 738 1399 802 Alc.
1450 739 1595 802 943.
1653 738 1747 810 ὥς
1802 739 2165 821 εὐπατρίδαι
2219 739 2327 803 καὶ
2382 739 2490 802 ἀπ’
2548 739 2763 823 ἀμφο-

305 830 510 910 τέρων
551 829 560 910 Ι
601 830 777 899 ὄντες
820 829 1094 911 ἀρίστων
1139 828 1435 910 (ἀριστῶν
1480 827 1697 892 Herm.
1747 847 1850 911 qu.
1898 828 2241 912 ἀριστέων).

490 919 681 982 1305.
726 916 874 989 τοὺς
939 916 1105 1001 πρὸς
1169 919 1433 1000 αἵματος
1488 915 1702 1002 φύσιν]
1768 918 1817 981 Ι.
1866 938 1916 984 e.
1964 918 2597 1002 consanguineos.
2674 916 2765 982 Cf.

309 1006 379 1071 Ο.
412 1004 480 1069 C.
514 1009 662 1070 245.
709 1007 804 1078 ὥς
846 1031 935 1079 τις
981 1007 1095 1091 ἀφ’
1142 1008 1421 1091 αἵματος.
1470 1005 1563 1069 ΕΙ.
1601 1008 1790 1071 1125.
1837 1009 1878 1091 ἢ
1926 1007 2129 1091 φίλων
2174 1032 2261 1079 τις
2306 1010 2347 1092 ἢ
2379 1007 2544 1090 πρὸς
2574 1008 2763 1091 αἵμα-

304 1120 411 1167 τος
456 1096 664 1179 φύσιν.
711 1097 940 1162 Aesch.
992 1096 1172 1161 Eum.
1224 1097 1369 1161 606.
1414 1096 1656 1180 μητρὸς
1701 1103 1811 1180 τῆς
1857 1097 2016 1180 ἐμῆς
2061 1098 2128 1161 ἐν
2173 1098 2400 1181 αἵματι.

492 1186 680 1250 1307.
729 1184 977 1251 Cf..Ph.
1029 1188 1174 1250 929.
1240 1185 1381 1251 οὐδ’
1446 1187 1803 1269 ἔπαισχύνει
1866 1186 1938 1270 μ’
2002 1186 2179 1268 ὁρῶν
2226 1225 2337 1249 -.
2410 1184 2583 1251 O.R.
2618 1186 2765 1250 635.

492 1383 679 1445 1308.
729 1381 819 1447 Cf.
872 1383 1093 1447 Aesch.
1141 1379 1290 1447 Cho.
1341 1383 1486 1447 223.
1552 1383 1674 1446 κάν
1736 1389 1864 1455 τοῖς
1927 1385 2104 1467 ἔμοῒς
2166 1381 2289 1466 ἄρ’,
2354 1384 2528 1466 εἴπερ
2583 1384 2652 1447 ἔν
2698 1407 2767 1466 γε

304 1477 462 1536 τοῖσι
510 1477 645 1543 σοῖς
691 1474 797 1553 (80.
845 1471 1030 1554 γελᾶν
1074 1471 1289 1554 θέλω).

491 1562 683 1626 1310.
731 1559 819 1625 Cf.
866 1564 1015 1625 Ant.
1066 1563 1166 1624 72.
1211 1560 1412 1625 καλόν
1454 1585 1570 1645 μοι
1613 1567 1798 1627 τοῦτο
1844 1562 2114 1648 ποιούσῃ
2163 1563 2398 1627 θανεῖν.

494 1652 682 1717 1312.
729 1655 840 1715 τοῦ
887 1655 1006 1715 σοῦ
1052 1651 1120 1715 θ’
1153 1648 1539 1738 ὁμαίμονος]
1585 1657 1697 1716 τοῦ
1739 1657 1857 1717 σοῦ
1889 1653 2268 1736 ξυναίμονος
2297 1650 2517 1735 Dind.,
2565 1671 2766 1734 quum

305 1743 597 1824 ineptum
645 1741 747 1804 hic
793 1740 879 1804 sit
921 1739 1009 1804 θ’.
1086 1740 1177 1805 Cf.
1234 1741 1460 1805 Aesoh.
1510 1740 1659 1805 Cho.
1712 1742 1900 1805 1073.
1964 1746 2078 1805 νῦν
2126 1740 2184 1804 δ’
2231 1738 2314 1805 αὖ
2360 1742 2561 1824 τρίτος
2605 1739 2768 1824 ἦλθέ

302 1832 517 1894 ποθεν
561 1829 804 1913 σωτὴρ,
845 1828 854 1914 Ι
894 1831 935 1913 ἢ
965 1830 1174 1914 μόρον
1214 1829 1523 1913 (μόροςῗ)
1572 1832 1730 1895 εἴπω
1744 1855 1766 1907 ,·
1811 1832 2038 1896 Aesch.
2071 1830 2170 1894 Fr.
2208 1832 2353 1895 172.
2399 1829 2533 1894 ἀλλ’
2569 1830 2764 1894 Ἀντι-

303 1920 518 1990 κλείας
549 1917 748 1984 ἆσσον
776 1918 937 2003 ἦλθε
966 1919 1281 2003 Σίσυφος,
1322 1918 1332 2005 Ι
1371 1925 1482 2004 τῆς
1527 1926 1643 2004 σῆς
1672 1920 1839 2003 λέγω
1869 1944 1963 1984 τοι
1992 1918 2261 2004 μητρὸς,
2308 1920 2351 2003 ἥ
2382 1920 2440 1983 σ’
2473 1920 2764 2002 ἐγείνατο.

494 2027 681 2090 1314.
730 2026 822 2091 cf.
869 2027 1062 2091 Arist.
1108 2025 1277 2091 Nub.
1329 2028 1498 2091 1129
1531 2046 1624 2109 sq.

495 2117 683 2179 1315.
731 2117 798 2180 ἐν
844 2116 985 2199 ἐμοὶ
1030 2114 1312 2200 θρασύς]
1379 2114 1468 2179 Cf.
1522 2117 1707 2181 1092.
1765 2117 1834 2180 ἐν
1886 2117 2198 2180 θανοῦσιν
2242 2116 2554 2200 ὑβριστής.
2614 2114 2763 2180 Eur.

304 2205 505 2290 Hipp.
558 2206 744 2269 1320.
792 2203 870 2269 σὺ
919 2204 976 2270 δ’
1022 2206 1091 2269 ἔν
1134 2203 1187 2268 τ’
1234 2205 1457 2289 ἐκείνῳ
1502 2206 1625 2269 κάν
1671 2205 1814 2289 ἐμοὶ
1859 2207 2066 2288 φαίνει
2111 2205 2329 2276 κακός.

494 2295 682 2358 1316.
728 2293 978 2379 καιρὸν]
1037 2293 1494 2379 Opportune.
1582 2292 1818 2358 Contra
1872 2294 2118 2377 ἀωρίαν
2173 2293 2764 2381 (inopportune)

306 2384 506 2448 Arist.
552 2384 711 2447 Ach.
758 2386 861 2448 23.

493 2492 683 2555 1318.
730 2491 809 2555 οὐ
855 2490 977 2574 γὰρ
1026 2490 1176 2576 —,·]
1225 2488 1314 2554 Of.
1360 2491 1554 2556 Arist.
1600 2489 1716 2574 Eq.
1769 2492 1957 2555 1392.
2005 2492 2196 2575 Vesp.
2244 2492 2392 2556 836.

494 2581 682 2645 1320.
728 2580 1322 2652 κλύοντες-τοῦδ’
1367 2581 1478 2645 ὑπ’
1510 2579 1777 2666 ἀνδρὸς]
1826 2580 2089 2646 Cf.Ant.
2111 2582 2257 2645 836.
2290 2581 2456 2647 Xen.
2476 2583 2599 2646 Au.
2621 2580 2764 2646 VII.

310 2674 365 2734 7.
389 2672 493 2733 23.
525 2672 691 2752 μέγα
724 2670 795 2734 δὲ
825 2667 896 2734 εὖ
927 2670 1185 2735 ἀκούειν
1213 2668 1343 2734 ὑπὸ
1375 2671 1808 2754 ἑξακισχιλίων
1839 2671 2231 2753 ἀνθρώπων.
2266 2673 2460 2736 Arist.
2480 2671 2595 2754 Eq.
2618 2672 2764 2736 820.

492 2761 682 2823 1323.
728 2760 1070 2842 συμβαλεῖν
1133 2761 1253 2843 ἔπη
1319 2759 1525 2845 κακά]
1593 2760 1685 2824 Cf.
1734 2758 1805 2824 O.
1838 2760 1903 2825 C.
1956 2761 2100 2824 731.
2164 2760 2311 2844 μήτ’
2368 2760 2567 2844 ἀφεῖτ’
2613 2761 2767 2831 ἔπος

305 2849 533 2914 κακόν.
584 2847 730 2913 Eur.
760 2848 896 2933 Iph.
927 2851 1003 2914 A.
1033 2849 1181 2914 830.
1228 2848 1492 2933 αἰσχρὸν
1539 2849 1611 2912 δέ
1651 2872 1765 2931 μοι
1812 2849 2053 2932 γυναιξὶ
2097 2849 2475 2933 συμβάλλειν
2520 2849 2765 2932 λόγους.

305 2939 547 3005 Phoen.
573 2939 716 3003 700.
748 2938 926 3003 θέλω
956 2938 1120 3022 πρὸς
1151 2939 1342 3003 αὐτὸν
1373 2938 1714 3021 συμβαλεῖν
1743 2939 2161 3022 βουλεύματα.
2238 2938 2345 3005 Sic
2389 2938 2768 3023 συμβάλλειν

305 3031 440 3112 ἔριν
484 3028 600 3092 τινὶ
644 3027 748 3112 Aj.
800 3029 988 3092 1323.
1036 3027 1187 3091 Eur.
1238 3027 1400 3093 Med.
1451 3028 1597 3090 521.
1662 3027 1813 3092 ὅταν
1866 3029 2035 3111 φίλοι
2099 3028 2331 3111 φίλοισι
2394 3025 2765 3112 συμβάλωσ’

306 3120 455 3202 ἔριν.
522 3116 689 3182 Med.
738 3119 841 3181 44.
899 3115 996 3180 El.
1045 3117 1191 3180 906.
1239 3117 1377 3180 Alc.
1427 3118 1572 3180 507.
1625 3118 1814 3180 1144.
1869 3116 2004 3201 Iph.
2054 3119 2130 3182 A.
2180 3119 2282 3183 58.
2338 3118 2568 3182 Bacch.
2617 3119 2764 3182 835.

305 3207 661 3291 συμβαλὼν
704 3207 976 3290 βάκχαις
1017 3206 1250 3289 μάχην.
1296 3205 1396 3270 Fr.
1447 3207 1593 3289 338,
1642 3209 1700 3269 3.
1746 3207 1938 3270 Arist.
1985 3206 2151 3272 Nub.
2201 3208 2348 3270 834.
2397 3205 2541 3290 Lys.
2577 3207 2765 3271 1044.

493 3297 684 3360 1324.
730 3297 1006 3379 ἤκουσεν
1050 3293 1311 3379 αἰσχρά]
1369 3294 1458 3359 Cf.
1506 3294 1666 3358 Phil.
1715 3295 1863 3360 607.
1917 3295 2071 3359 Eur.
2119 3297 2255 3361 Alo.
2307 3297 2451 3360 705.
2508 3295 2767 3360 ἀκούσει

307 3386 515 3450 πολλὰ
561 3386 685 3450 κοῦ
731 3385 945 3469 ψευὸῆ
990 3385 1179 3449 κακά.
1235 3385 1430 3449 Arist.
1476 3384 1591 3468 Eq.
1645 3385 1835 3448 1276.
1890 3384 2070 3448 πόλλ’
2116 3385 2380 3450 ἀκούων
2424 3385 2534 3449 καὶ
2576 3387 2765 3450 κακά.

304 3475 475 3540 Nub.
529 3476 718 3539 1329.
764 3475 874 3538 Th.
921 3476 1067 3538 388.
1116 3475 1264 3538 467.

494 3583 684 3646 1325.
730 3582 895 3646 ὥστε
947 3582 1055 3646 καὶ
1108 3581 1357 3666 βλάβην
1400 3581 1585 3667 ἔχειν]
1651 3580 1743 3646 Cf.
1790 3582 2022 3646 Aesch.
2071 3581 2279 3646 Prom.
2329 3582 2475 3645 995.
2541 3581 2768 3665 γνάψει

305 3672 431 3755 γὰρ
480 3671 673 3736 οὖόὲν
715 3672 919 3736 τῶνδέ
959 3672 1031 3755 μ’
1077 3672 1240 3735 ὥστε
1284 3671 1391 3736 καὶ
1436 3672 1676 3754 φράσαι
1723 3676 1839 3736 etc.

495 3762 685 3825 1327.
730 3767 937 3845 ταφῆς
998 3759 1295 3845 ὅμωρον]
1362 3760 1451 3824 Cf.
1500 3763 1647 3824 Ant.
1700 3760 1889 3825 1071.
1958 3761 2183 3825 Aesch.
2230 3760 2396 3844 Sept.
2448 3760 2592 3823 715.
2637 3765 2767 3824 τῶν

302 3852 611 3935 μεγάλων
653 3850 893 3915 πεδίων
937 3849 1263 3934 ἀμοίρους.
1311 3850 1575 3915 Lucian.
1609 3849 1789 3915 Rhet.
1809 3869 2011 3934 praec.
2046 3851 2144 3914 17.
2192 3849 2230 3913 ὁ
2274 3849 2552 3933 χαρίτων
2581 3849 2765 3931 ἄμοι-

302 3966 422 4026 ρος
465 3940 907 4025 Δημοσθένης·

494 4049 684 4112 1331.
731 4047 917 4130 φίλον
944 4081 1034 4093 ——-
1062 4044 1378 4130 μέγιστον]
1427 4044 1522 4111 Of.
1566 4045 1729 4110 Phil.
1779 4047 1924 4110 586.
1973 4045 2121 4110 Eur.
2169 4044 2335 4110 Med.
2385 4046 2529 4110 549.
2576 4043 2766 4112 Herc.

310 4141 503 4203 1252.
557 4139 746 4202 1428.
793 4135 891 4200 Fr.
942 4137 1087 4200 693.
1165 4135 1273 4200 Sic
1319 4135 1487 4219 apud
1531 4135 1792 4200 Latinos
1837 4155 2169 4200 summus
2215 4135 2517 4201 amicae.

494 4228 686 4292 1333.
732 4225 1122 4311 ἀναλγήτως]
1179 4225 1270 4290 Cf.
1319 4223 1391 4289 O.
1422 4222 1496 4286 R.
1547 4225 1646 4287 12.
1706 4224 2092 4309 ὅυσάλγητος
2138 4223 2588 4307 (ἀνάλγητοςῗ).

494 4318 685 4382 1335.
730 4315 843 4399 τὴν
908 4316 1092 4399 δίκην
1152 4313 1389 4399 πατεῖν]
1456 4312 1547 4377 Cf.
1603 4314 1753 4377 Ant.
1814 4314 1957 4377 745.
2022 4311 2205 4397 τιμὰς
2260 4350 2344 4359 —
2398 4318 2529 4377 τῶν
2590 4314 2768 4377 θεῶν

305 4412 546 4472 πατῶν.
596 4404 696 4470 Fr.
718 4407 865 4488 622,
886 4407 942 4469 2.
989 4404 1064 4468 τὰ
1108 4403 1229 4488 μὲν
1276 4402 1504 4468 ὅίκτιια-
1531 4402 1641 4467 καὶ
1683 4401 1759 4466 τὰ
1792 4403 2100 4486 σώφρονα
2143 4402 2152 4487 Ι
2192 4402 2433 4485 λάγόην
2477 4407 2767 4467 πατεῒται.

492 4495 682 4561 1346.
731 4494 827 4559 Cf.
873 4495 1102 4560 Aesch.
1152 4492 1335 4557 Eum.
1385 4494 1530 4556 652.
1581 4497 1725 4563 πῶς
1771 4492 1893 4576 γὰρ
1936 4491 2008 4556 τὸ
2055 4492 2309 4576 φεύγειν
2351 4492 2526 4555 τοῦθ
2572 4491 2765 4572 ὓπερ-

310 4587 531 4663 ὀικεῒς;
579 4585 720 4667 δρα.
799 4583 905 4649 Sic
948 4582 1308 4666 ὖπερὸικεῒν
1352 4582 1547 4665 λόγου
1593 4582 1754 4648 Plat-
1801 4581 2032 4646 Phaed.
2080 4584 2116 4663 ἓ
2166 4583 2267 4645 37.
2765 4573 2772 4580 ’

2257 4689 2339 4753 3*
