3463 5287
1424 438 1675 483 omu’us
1720 439 1845 483 Rex
2733 421 2857 485 381

400 597 621 680 μέγαν,
688 615 851 680 quae
914 601 1170 681 propter
1231 596 1524 678 adjectivi
1582 597 2061 662 collocationem
2127 598 2382 663 tolerari
2444 617 2576 662 nou
2640 603 2862 683 potest,

404 688 694 751 conferas
758 685 955 750 Arist.
1003 684 1149 769 Lys.
1199 687 1345 750 325.
1410 686 1669 769 ὄλεθροι
1745 689 2045 770 γέροντες.
2123 687 2232 750 Th.
2280 687 2427 752 860.
2493 686 2663 752 Eccl.
2715 688 2860 752 934.

403 776 629 860 Eupol.
677 774 758 840 II.
809 777 955 839 570.
1003 776 1238 859 ἄνεμος
1284 775 1391 839 καὶ
1437 776 1708 858 ὄλεθρος
1755 777 2125 858 ἄνθρωπος.
2172 775 2348 841 Dem.
2390 796 2451 860 p.
2488 777 2633 841 377.
2679 778 2862 842 τόνδε

402 865 509 928 τὸν
555 866 846 947 ὄλεθρον.
894 885 951 950 p.
1002 866 1148 929 582.
1203 865 1312 928 τὸν
1377 865 1447 928 δὲ
1511 866 1865 948 βάσκανον1
1931 866 2040 930 τὸν
2098 866 2167 930 δὲ
2222 866 2527 948 ὄλεθρονῖ
2595 867 2674 931 de
2722 864 2859 930 Cor.

409 957 552 1019 127.
601 954 875 1037 ὄλεθρος
921 956 1345 1037 γραμματεύς.
1401 953 1634 1018 Herod.
1683 954 1799 1018 III.
1854 957 1996 1018 142.
2054 956 2334 1038 γεγονώς
2377 980 2441 1019 τε
2486 961 2709 1027 κακῶς
2753 958 2863 1021 καὶ

403 1045 532 1108 ἐὼν
577 1044 863 1126 ὄλεθρος.
913 1043 1077 1108 Plut.
1127 1046 1348 1108 Artax.
1399 1047 1494 1107 14.
1541 1044 1650 1108 τὸν
1699 1043 1886 1126 Κᾶρα
1933 1050 2156 1109 τοῦτον
2199 1045 2308 1108 τὸν
2354 1045 2644 1127 ὄλεθρον.
2694 1045 2860 1110 Plut.

349 1152 356 1160 ·
403 1133 558 1197 Sert.
610 1134 665 1196 6.
720 1134 1074 1216 βαρβάροις
1139 1134 1447 1216 ὀλέθροις.
1513 1132 1772 1199 Lucian.
1818 1133 1860 1197 J
1866 1153 1965 1217 up.
2012 1134 2189 1218 Trag.
2236 1137 2341 1198 43.
2406 1135 2444 1198 ὁ
2498 1134 2861 1217 Σαρδιανὸς

402 1224 641 1293 ἐκεῖνος
688 1223 973 1304 ὄλεθρος.
1053 1222 1356 1288 Similiter
1409 1223 1603 1305 λῆρος
1658 1244 1695 1286 a
1742 1224 1986 1286 trifler
2029 1222 2250 1308 (Plat.),
2299 1224 2555 1307 κόμπος
2602 1244 2639 1287 a
2686 1224 2861 1288 boa-

402 1318 560 1377 ster
606 1310 777 1392 (Eur.
827 1313 937 1376 Ph.
988 1313 1184 1395 609),
1245 1313 1428 1395 ὕβρις
1491 1332 1582 1376 an
1645 1313 1986 1376 insolent
2049 1333 2210 1376 man
2278 1312 2456 1392 (Hes.
2507 1312 2619 1397 Op.
2673 1315 2859 1392 101.).

492 1400 810 1485 ὀλέθριον]
860 1401 949 1465 Cf.
997 1404 1095 1484 Aj.
1143 1403 1290 1465 402.
1338 1400 1491 1464 ἀλλὰ
1544 1402 1743 1484 --μ’
1802 1402 2098 1484 ὀλέθριον
2154 1404 2388 1477 αἰκίζει.
2449 1401 2519 1465 Ο.
2554 1403 2617 1466 C.
2674 1404 2859 1466 1683.

404 1491 663 1572 ὀλεθρία
711 1492 841 1564 νύξ.

587 1579 773 1643 1345.
822 1580 997 1651 θεοῖς
1043 1579 1452 1663 ἐχθρότατον]
1512 1579 1601 1644 Cf.
1650 1581 1798 1645 815.
1855 1583 1942 1652 τίς
1988 1582 2448 1666 ἐχθροδαίμων
2492 1582 2735 1682 μᾶλλον
2780 1584 2860 1645 ἂν

404 1668 1235 1843 γένοιτ1346ήριέ·;(θρότατον]
1283 1759 1521 1823 Eadem
1570 1761 1771 1823 forma
1803 1767 1900 1825 est
1930 1760 2112 1824 Pind.
2148 1761 2222 1825 N.
2264 1762 2319 1845 1,
2352 1762 2454 1824 65.
2487 1762 2859 1843 ἔχθροτάτῳ

407 1886 490 1894 —-
668 1872 745 1911 ω.

537 1849 774 2000 μ15347.
823 1937 1044 2001 δείλαιε
1091 1944 1203 2002 τοῦ
1260 1945 1374 2002 νοῦ
1424 1940 1540 2022 -Ι
1607 1939 1697 2004 Cf.
1746 1939 1896 2002 Eur.
1944 1938 2134 2026 Hipp.
2187 1941 2374 2003 1405.
2440 1937 2499 2003 ὦ
2547 1940 2856 2008 δυστάλας

411 2025 489 2088 σὺ
536 2027 720 2109 τῆσδε
765 2033 1130 2110 συμφορᾶς,
1177 2029 1389 2110 πάτερ.
1440 2028 1574 2092 Alc.
1627 2029 1772 2092 757.
1820 2029 2057 2111 σχετλία
2105 2028 2355 2112 τόλμης.

596 2115 778 2180 1348.
828 2115 918 2180 Of.
976 2115 1087 2180 Ph.
1146 2119 1294 2180 427.
1368 2117 1464 2181 οἶν
1537 2117 1667 2199 ἐγὼ
1717 2119 1728 2200 Ι
1777 2118 1973 2200 ἥκιστ’
2039 2120 2119 2180 ἂν
2192 2117 2453 2200 ἠθέλησ’
2520 2119 2858 2182 ὀλωλότοιν

403 2204 627 2268 κλύειν.
674 2206 901 2270 Aesch.
935 2205 1089 2271 Cho.
1125 2207 1269 2270 702.
1325 2207 1453 2288 ἐγὼ
1500 2207 1619 2289 μὲν
1651 2243 1734 2253 —-
1769 2209 1847 2269 ἂν
1891 2206 2128 2289 ἤθελον
2168 2206 2176 2288 Ι
2219 2206 2459 2288 γνωτὸς
2506 2209 2812 2289 γενέσθαι.

587 2296 773 2358 1349.
821 2294 931 2358 ἀπ’
964 2295 1185 2377 ἀγρίας
1215 2297 1414 2367 πέδας
1449 2295 1556 2380 -]
1598 2295 1686 2359 Cf.
1719 2297 1949 2360 Aesch.
1972 2296 2072 2359 Pr.
2100 2295 2243 2359 160.
2277 2296 2532 2378 δεσμοῖς
2562 2297 2810 2368 ἀλύτοις
2847 2337 2853 2374 4

401 2383 640 2465 ἀγρίοις
684 2385 975 2454 πελάσας.
1033 2388 1173 2448 182.
1220 2386 1370 2467 πρὶν
1415 2388 1494 2448 ἂν
1541 2387 1610 2459 ἐξ
1649 2386 1890 2467 ἀγρίων
1930 2388 1939 2467 Ι
1984 2385 2239 2467 δεσμῶν
2284 2385 2547 2469 χαλάσῃ.
2595 2386 2857 2450 Hesiod.

399 2473 506 2536 Th.
557 2474 703 2538 501.
750 2474 896 2538 λῦσε
944 2474 1013 2538 δὲ
1058 2476 1676 2557 πατροκασιγνήτους
1722 2475 1933 2539 ὀλοῶν
1979 2474 2109 2538 ἀπὸ
2158 2476 2429 2557 δεσμῶν.
2476 2475 2627 2539 Eur.
2665 2474 2856 2561 Hipp.

407 2564 595 2626 1228.
660 2564 731 2626 ἐκ
799 2564 1055 2647 δεσμῶν
1118 2564 1331 2635 λυθεὶς
1371 2564 1674 2649 Ι-τμητῶν
1719 2565 2016 2647 ἱμάντων.
2064 2562 2251 2649 Soph.
2297 2565 2395 2628 Tr.
2448 2565 2592 2629 181.
2658 2566 2856 2629 ὄκνου

404 2676 474 2716 σε
519 2653 711 2717 λύσω.
758 2651 947 2717 Hom.
997 2654 1112 2718 Od.
1166 2657 1266 2736 12,
1299 2656 1444 2719 200.
1493 2656 1608 2736 ἐμέ
1651 2658 1700 2717 τ’
1750 2657 1820 2718 ἐκ
1870 2656 2127 2738 δεσμῶν
2174 2655 2496 2720 ἀνέλυσαν.
2634 2657 2854 2720 ἐπιπο-

404 2740 573 2826 δίας]
623 2742 990 2807 Formatum
1038 2752 1108 2808 ut
1152 2744 1459 2827 ἐμπόδιος
1505 2752 1567 2808 et
1610 2744 1996 2827 περιπόδιος.
2046 2761 2057 2769 ·

590 2834 778 2896 1352.
824 2834 1054 2915 ἔρρυτο
1101 2853 1244 2898 mss.
1310 2836 1495 2916 ἔρυτο
1542 2831 1734 2897 Dind.
1814 2834 1904 2899 Of.
1951 2835 2137 2899 Hom.
2184 2834 2255 2898 11.
2306 2836 2408 2917 23,
2459 2836 2606 2899 819.
2672 2836 2857 2917 ἔρυτο

400 2944 526 3073 KZ?
554 2922 1193 3094 33332‘90’3‘252'35'225’
1207 2925 1331 3076 .ἷῖ
1365 2923 2137 3095 ᾖξ’ρῗὲνῗὸςρἶἕᾼῗῗῗ
2142 2922 2278 3076 (191]
2312 2923 2859 3095 Ξῖὲαῖῗωῖαῧὶἵῖἕὲ

404 3100 474 3162 ἐκ
523 3106 631 3182 τῆς
678 3101 1085 3184 δουλοσύνης.
1132 3101 1248 3166 ΙΧ.
1301 3102 1401 3166 76.
1448 3103 1639 3184 ῥῦσαί
1676 3127 1776 3185 με.
1824 3101 1940 3166 ΙΧ.
1990 3103 2091 3166 90.

583 3191 770 3253 1353.
819 3191 883 3261 ἐς
929 3191 1136 3275 χάριν]
1185 3191 1232 3255 Ι.
1283 3210 1340 3273 q.
1386 3191 1551 3274 πρὸς
1595 3193 1795 3275 χάριν.
1874 3192 1963 3256 Cf.
2011 3190 2081 3255 Ο.
2117 3190 2181 3255 C.
2235 3192 2424 3254 1775.

587 3281 772 3343 1355.
820 3279 993 3364 ἐμοὶ]
1045 3281 1166 3344 Pro
1215 3281 1474 3363 ἐμαυτῷ
1524 3283 1646 3363 (Aj
1701 3283 1929 3359 1367.)
2009 3280 2101 3344 Cf.
2144 3283 2291 3345 Ant.
2330 3283 2473 3344 734.
2609 3281 2856 3346 τοσόνδ’

400 3368 589 3453 ἄχος]
656 3366 947 3503 Occurrit
993 3371 1181 3434 etiam
1233 3369 1402 3433 QG.
1457 3371 1646 3433 1712.
1697 3369 2211 3454 Cf.1⁴]ur.ffipp
2262 3370 2407 3433 386.
2456 3396 2494 3453 η
2546 3372 2602 3435 δ’
2651 3371 2857 3454 ἄχθος

400 3460 616 3524 οἴκων.

585 3549 771 3614 1356.
818 3549 1063 3613 θέλοντι
1109 3549 1307 3632 κάμοὶ
1341 3549 1456 3633 -]
1506 3546 1593 3611 Cf.
1643 3546 1713 3613 Ο.
1748 3550 1813 3613 C.
1868 3550 2054 3613 1505.
2102 3550 2411 3614 ποθοῦντι
2456 3551 2853 3633 προυφάνης

400 3639 477 3701 ad
523 3638 618 3702 Tr.
673 3640 772 3702 18.
820 3637 1010 3702 Hom.
1059 3637 1173 3704 Od.
1215 3641 1272 3722 3,
1307 3640 1453 3701 228.
1501 3639 1621 3702 οὐκ
1668 3641 1749 3702 ἂν
1795 3640 2010 3721 ἔμοιγε
2050 3640 2057 3720 Ι
2100 3639 2432 3721 ἐλπομένω
2478 3639 2550 3702 τὰ
2600 3641 2855 3721 γένοιτο.

397 3726 592 3791 Thuc.
641 3726 749 3791 VI.
783 3730 887 3792 46.
934 3737 1026 3811 τῷ
1071 3727 1267 3811 Νικίᾳ
1312 3728 1817 3811 προσδεχομένῳ
1864 3728 1943 3812 ἦν
1988 3728 2061 3791 τὰ
2106 3729 2248 3810 περὶ
2298 3734 2426 3792 τῶν
2463 3727 2853 3810 Ἐγεσταίων.

405 3813 546 3880 VH.
596 3819 698 3880 35.
763 3816 939 3882 εἶπον
1014 3819 1134 3882 οὐκ
1199 3820 1279 3882 ἂν
1343 3819 1515 3899 σφίσι
1586 3818 2003 3901 βουλομένοις
2067 3817 2237 3882 εἶναι.
2301 3816 2538 3882 Herod.
2586 3819 2702 3882 IX.
2752 3820 2854 3881 46.

403 3903 801 3986 ῆδομένοισιν
864 3909 1015 3990 ἡμῖν
1084 3909 1145 3972 οῖ
1197 3908 1373 3989 λόγοι
1430 3907 1737 3989 γεγόνασι.
1797 3907 1950 3972 Plat.
2001 3906 2187 3991 Gorg.
2237 3929 2292 3992 p.
2345 3910 2399 3970 7.
2458 3909 2515 3971 εἰ
2565 3908 2741 3990 αὐτῷ
2787 3909 2858 3990 γέ

403 4014 500 4055 σοι
543 3994 920 4078 βουλομένῳ
966 3997 1125 4061 ἐστὶν
1170 3998 1644 4079 ἀποκρίνεσθαι.

587 4083 775 4146 1357.
822 4085 1056 4167 φονεὺς
1100 4086 1327 4170 ἦλθον]
1394 4088 1663 4151 Concise
1728 4088 2007 4171 positum
2072 4106 2184 4170 pro
2251 4088 2337 4157 εἰς
2399 4093 2584 4149 τοῦτο
2650 4084 2854 4168 ἦλθον

403 4171 565 4236 ὥστε
610 4172 845 4255 φονεὺς
892 4177 1198 4256 γενέσθαι.
1248 4175 1339 4238 Of.
1378 4178 1564 4240 1433.
1613 4177 1866 4259 ἄριστος
1906 4176 2118 4240 ἐλθὼν
2147 4176 2311 4257 πρὸς
2341 4176 2639 4238 κάκιστον
2670 4175 2853 4258 ἄνδρ’

406 4261 532 4342 ἐμέ.
587 4262 774 4329 1519.
824 4262 978 4326 ἀλλὰ
1027 4264 1200 4333 θεοῖς
1248 4267 1302 4345 γ’
1351 4266 1639 4347 ἔχθιστος
1683 4268 1845 4349 ἥκω.
1894 4264 1988 4329 El.
2040 4266 2138 4328 69.
2196 4271 2313 4329 σοῦ
2371 4264 2490 4346 γὰρ
2538 4262 2847 4349 ἔρχομαιξ

403 4350 545 4434 δίκῃ
594 4352 939 4434 καθαρτής.
995 4350 1094 4416 Fr.
1145 4353 1289 4416 675.
1344 4361 1580 4437 μικροῦ
1630 4355 1689 4417 δ’
1738 4356 1990 4437 ἀγῶνος
2045 4355 2121 4417 οὐ
2165 4354 2308 4436 μέγ’
2357 4356 2595 4437 ἔρχεται
2651 4354 2851 4424 κλέος.

399 4438 564 4505 Xen.
595 4441 718 4504 An.
752 4440 867 4505 111.
902 4443 958 4505 2.
995 4444 1050 4505 3.
1098 4442 1281 4524 ὅμως
1337 4443 1406 4506 δὲ
1453 4444 1552 4507 δεῖ
1599 4446 1670 4508 ἐκ
1726 4450 1855 4509 τῶν
1899 4444 2236 4527 παρόντων
2281 4444 2520 4525 ἄνδρας
2565 4443 2856 4525 ἀγαθούς

399 4554 460 4593 τε
508 4531 712 4595 ἐλθεῖν
758 4531 864 4595 καὶ
907 4531 998 4615 μὴ
1049 4531 1364 4615 ὑφίεσθαι.
1412 4539 1475 4598 et
1521 4535 1599 4597 ad
1653 4534 1839 4598 1093.
1888 4553 2096 4618 supra.
