3463 5287
610 390 695 453 90
1685 412 1985 457 Ammaous

790 569 934 632 776.
978 571 1223 652 μίασμα
1259 608 1341 617 -
1373 571 1745 655 ὑπεκφύγῃ]
1795 570 1884 634 Of.
1934 570 2083 635 Eur.
2130 569 2317 655 Hipp.
2359 572 2460 635 35.
2506 571 2753 654 μιάσμα
2800 571 3066 655 φεύγων

607 659 886 740 αἵματος.
1021 658 1206 743 πᾶσ’]
1256 659 1345 723 Cf.
1393 662 1491 742 Aj.
1542 662 1686 724 728.

789 748 934 812 778.
981 747 1144 833 που]
1209 747 1243 812 Ι
1288 748 1465 814 dare
1528 769 1686 832 say,
1753 750 2086 833 perhaps
2174 750 2423 814 Ironice
2480 751 2721 814 dictum
2782 755 2851 814 ut
2905 753 3064 821 ἴσως

606 838 706 919 Aj.
760 838 946 902 1009.
1125 839 1396 912 τεύξεται
1450 840 1522 902 τὸ
1575 839 1666 922 μὴ
1725 839 1966 923 θανεῖν]
2024 838 2114 902 Cf.
2164 839 2312 903 Eur.
2361 841 2499 903 Alc.
2549 842 2694 903 243.
2753 841 3061 922 διεμάχου

605 927 677 990 τὸ
721 926 813 1010 μὴ
860 927 1096 991 θανεῖν.
1146 928 1372 992 Aesch.
1421 927 1628 992 Prom.
1670 930 1815 992 871.
1862 930 2014 1011 μίαν
2061 929 2130 992 δὲ
2175 929 2426 993 παίδων
2472 931 2691 1012 ἵμερος
2733 930 2942 1005 θέλξει
2988 928 3062 993 τὸ

604 1016 696 1100 μὴ
739 1017 749 1101 Ι
789 1023 1019 1081 κτεῖναι
1063 1017 1380 1081 σύνευνον.

787 1107 933 1171 779.
981 1106 1135 1170 ἀλλὰ
1182 1108 1543 1192 τηνικαῦθ’]
1604 1107 1692 1172 Cf.
1741 1107 1889 1172 Eur.
1940 1106 2101 1171 Med.
2151 1108 2295 1171 908.
2344 1109 2547 1190 ἔγνως
2590 1133 2654 1172 τε
2706 1108 2819 1191 τὴν
2866 1114 3060 1172 νικῶ-

608 1220 727 1260 σαν
772 1195 927 1259 ἀλλὰ
973 1204 1067 1279 τῷ
1110 1197 1346 1280 χρόνῳ.

789 1287 932 1349 781.
980 1286 1229 1350 ἀνίκατε
1273 1285 1511 1371 μάχαν]
1561 1284 1646 1350 Of.
1684 1288 1828 1351 799.
1875 1288 2126 1370 ἄμαχος
2172 1286 2293 1370 γὰρ
2340 1288 2626 1370 ἐμπαίζει
2671 1288 3060 1370 (ἐμπίπτειΡ)

608 1375 765 1446 θεὸς
799 1375 1157 1458 Ἀφροδίτα.
1237 1375 1555 1440 Connecte
1600 1377 1853 1459 ἄμαχος
1900 1397 2044 1441 cum
2093 1376 2264 1447 θεός.

790 1466 915 1528 782
938 1484 1029 1548 sq.
1077 1466 1149 1536 ὃς
1181 1502 1264 1512 —-
1298 1466 1370 1536 ὃς
1403 1465 1519 1550 —]
1569 1464 1657 1529 Cf.
1705 1466 1820 1529 Ph.
1870 1467 2015 1530 663.
2064 1466 2136 1536 ὅς
2182 1466 2239 1547 γ’
2275 1501 2355 1511 -
2392 1467 2710 1538 δέδωκας,
2758 1467 2831 1537 ὃς
2874 1466 3063 1548 χθόν’

617 1553 900 1639 Οίταιάνμ
935 1555 1104 1629 ἰδεῖν,
1147 1553 1156 1636 Ι
1198 1556 1270 1625 ὃς
1315 1555 1552 1635 πατέρα
1608 1557 1909 1638 πρέσβυν,
1978 1558 2050 1626 ὃς
2096 1556 2345 1638 φίλους,
2411 1558 2484 1627 ὃς
2536 1560 2666 1620 τῶν
2721 1557 2898 1637 ἐμῶν
2944 1562 3061 1619 etc.

699 1645 766 1707 ἐν
810 1644 1083 1727 κτήμασι
1128 1642 1396 1727 πίπτεις]
1464 1644 1553 1709 Of.
1601 1645 1700 1728 Aj.
1752 1647 1897 1709 374.
1963 1646 2032 1708 ἓν
2095 1645 2356 1709 έλίκεσσι
2419 1645 2603 1729 βουσὶ
2666 1646 2901 1709 πεσών.
2966 1645 3061 1708 ΕΙ.

616 1734 803 1797 1477.
869 1734 938 1796 ἐν
999 1735 1216 1816 μέσοις
1273 1733 1682 1816 ἀρκυστάτοις
1735 1735 2018 1818 πέπτωχ’
2066 1734 2103 1798 ὁ
2148 1734 2421 1817 τλήμων.
2472 1735 2697 1798 Aesch.
2747 1736 2865 1818 Ag.
2913 1735 3062 1797 341.

609 1825 777 1906 ἔρως
824 1823 893 1887 δὲ
944 1824 1036 1906 μή
1091 1847 1179 1894 τις
1231 1823 1545 1907 πρότερον
1599 1825 1893 1906 ὲμπίπτοι
1949 1829 2194 1906 στρατῷ
2238 1833 2246 1904 Ι
2287 1824 2514 1888 ποθεῖν
2562 1861 2645 1869 —-
2692 1826 2733 1886 ἃ
2778 1823 2869 1907 μὴ
2919 1826 3063 1907 χρή.

615 1915 801 1977 1448.
870 1913 1117 1995 δαῖμον,
1191 1915 1263 1983 ὃς
1336 1914 1643 1996 ἐμπίτνεις
1718 1915 1971 1996 δώμασι
2042 1913 2150 1977 καὶ
2215 1913 2511 1996 διφυίοισι
2578 1912 3062 1977 Τανταλίδαισιν.

609 2002 760 2065 Eur.
806 2002 904 2066 Fr.
955 2003 1102 2083 322,
1139 2004 1195 2066 5.
1244 2003 1311 2065 ἐν
1355 2009 1483 2073 τοῖς
1530 2002 1587 2066 δ’
1635 2004 1887 2085 ἔχουσιν
1928 2003 2165 2086 ῆβητὴς
2210 2003 2621 2086 (ἐμπίτνεινῬ)
2667 2002 2903 2086 πέφυχ’
2950 2002 3065 2067 ὅδε

609 2090 886 2174 (”Ερως).
952 2091 1140 2155 Isocr.
1188 2111 1248 2175 p.
1296 2092 1441 2154 216.
1506 2098 1804 2163 τοσοῦτος
1869 2093 1928 2156 δ’
1992 2094 2160 2174 ἔρως
2223 2093 2472 2156 ἐνέπεσε
2533 2098 2663 2156 τῶν
2707 2092 2929 2156 πόνων
2975 2128 3066 2139 -

608 2188 736 2252 τοῖς
777 2179 1048 2263 “El-hym.
1116 2179 1267 2244 Hor.
1317 2180 1432 2245 od.
1488 2183 1542 2264 1,
1593 2183 1692 2264 19,
1746 2184 1799 2244 1.
1863 2181 1962 2246 ‘In
2028 2200 2129 2245 me
2194 2187 2324 2246 tota
2387 2183 2517 2244 ruit
2560 2182 2819 2245 Venus)
2888 2181 3063 2265 Virg.

612 2269 682 2334 G.
730 2269 844 2334 ΠΙ.
879 2272 1024 2332 242.
1090 2270 1321 2335 ‘Omne
1386 2271 1542 2335 adeo
1608 2291 1813 2354 genus
1875 2272 1942 2333 in
2008 2272 2191 2336 terris
2247 2272 2710 2353 hominumque
2755 2271 3066 2336 ferarum-

611 2380 763 2444 que,
813 2360 822 2443 Ι
873 2366 937 2424 et
1006 2379 1209 2443 genus
1283 2379 1698 2442 aequoreum,
1780 2360 2082 2444 pecudeS,
2162 2362 2495 2444 pictaeque
2569 2361 2885 2443 volucreS,
2934 2360 2944 2444 Ι
2997 2361 3062 2423 in

609 2450 808 2514 furias
870 2451 1212 2534 ignemque
1274 2455 1498 2513 ruunt:
1567 2471 1747 2514 amor
1810 2449 2108 2514 omnibus
2172 2449 2381 2515 idem.’
2438 2450 2716 2534 Propert.
2765 2449 2860 2513 El.
2908 2449 2954 2513 Ι.
3004 2452 3063 2512 2.

609 2538 725 2603 ‘Et
770 2545 961 2622 caput
1006 2539 1320 2624 impositis
1366 2541 1594 2623 pressit
1641 2541 1840 2603 Amor
1884 2540 2191 2624 pedibus.’

791 2630 936 2694 783.
984 2630 1051 2693 ἐν
1102 2630 1417 2712 μαλακαῖς
1470 2635 1755 2713 παρειαῖς
1809 2629 2124 2715 νεάνιδος]
2192 2629 2280 2693 Cf.
2327 2629 2481 2693 Hor.
2531 2628 2647 2692 Od.
2694 2628 2804 2693 IV.
2858 2630 2955 2692 13.
3006 2629 3065 2692 6.

611 2720 756 2784 ‘Ille
812 2722 1075 2799 (Amor)
1135 2720 1400 2784 virentis
1448 2757 1530 2765 —-
1581 2718 1774 2784 Chiae
1839 2719 2079 2803 pulcris
2144 2718 2421 2783 excubat
2483 2720 2551 2781 iu
2617 2719 2835 2803 genis.’
2973 2719 3066 2782 Of.

612 2809 957 2892 Phrynich.
1008 2814 1159 2893 trag.
1214 2812 1310 2873 13.
1358 2810 1590 2892 λάμπει
1631 2810 1700 2874 θ’
1743 2811 1844 2873 ἐπὶ
1883 2810 2280 2892 πορφυρέαις
2320 2816 2594 2892 παρῇσιν
2634 2814 2780 2890 φῶς
2810 2810 3065 2890 ἔρωτος.

611 2897 765 2962 Hor.
815 2898 1017 2961 Carm.
1066 2897 1179 2962 III.
1234 2901 1330 2962 13.
1381 2901 1436 2962 6.
1503 2898 1645 2962 ‘Ille
1693 2900 1961 2964 virentis
2026 2905 2088 2963 et
2129 2901 2137 2981 Ι
2189 2899 2411 2963 doctae
2476 2897 2743 2983 psallere
2809 2897 3001 2963 Chiae
3054 2893 3061 2982 Ι

610 2988 895 3073 pulchris
942 2987 1217 3052 excubat
1262 2989 1328 3050 in
1376 2987 1597 3071 genis.'

793 3078 938 3140 785.
987 3076 1074 3141 Cf.
1109 3075 1179 3141 Ο.
1201 3074 1270 3140 R.
1306 3078 1433 3141 476
1456 3098 1546 3161 sq.
1681 3077 2127 3161 ὑπερπόντιος]
2178 3076 2265 3140 Of.
2296 3077 2393 3140 Tr.
2428 3078 2573 3140 650.
2619 3077 2917 3158 πελάγιον
2952 3113 3064 3137 -.

611 3166 762 3231 Eur.
811 3166 975 3230 Med.
1025 3167 1172 3229 440.
1237 3167 1486 3251 αἰθερία
1536 3167 1594 3232 δ’
1642 3167 1874 3231 ἀνέπτα
1922 3168 2196 3248 (αἰδώς).
2265 3167 2451 3250 Hipp.
2504 3168 2648 3229 147.
2711 3174 2901 3248 φοιτᾷ
2944 3164 3066 3248 γὰρ

612 3256 721 3319 καὶ
768 3256 870 3319 διὰ
919 3255 1169 3337 λίμνας,
1234 3258 1463 3339 χέρσον
1508 3258 1576 3321 θ’
1623 3259 1812 3340 ὕπερ,
1878 3258 2192 3339 πελάγους
2257 3257 2517 3320 δίναισιν
2581 3256 2787 3325 νοτίας
2842 3255 3063 3338 ἅλμας.

614 3346 761 3409 449.
808 3352 998 3427 φοιτᾷ
1064 3345 1121 3409 δ’
1168 3347 1248 3409 ἃν
1312 3347 1538 3428 αἰθέρ’,
1604 3348 1728 3410 ἔστι
1795 3346 1853 3410 δ’
1902 3348 1970 3410 ἐν
2033 3346 2364 3427 θαλασσίῳ
2415 3345 2423 3426 Ι
2473 3345 2753 3409 κλύδωνι
2818 3344 3066 3425 Κίπρις.

619 3436 805 3498 1267.
851 3440 1113 3498 ποτᾶται
1161 3436 1217 3498 δ’
1265 3436 1366 3498 ἐπὶ
1413 3442 1594 3518 γαῖαν
1633 3436 1941 3519 εὗάχητόν
1971 3436 2040 3499 θ’
2073 3435 2360 3518 ἁλμυρὸν
2392 3435 2492 3497 ἐπὶ
2522 3434 2757 3498 πόντον
2788 3433 3067 3516 (Ἐρως).

617 3526 742 3588 525
776 3544 867 3606 sq.
947 3525 1049 3587 Ad
1107 3544 1239 3589 rem
1290 3526 1365 3590 cf.
1414 3526 1511 3589 Fr.
1560 3526 1706 3607 678,
1757 3527 1814 3588 9.
1878 3526 2211 3608 εἰσέρχεται
2273 3524 2392 3607 μὲν
2457 3523 2578 3605 γὰρ
2625 3522 2926 3606 (Κύπρις)
2970 3525 3066 3605 ἰχ-

612 3616 800 3679 θύων
861 3615 1098 3696 πλωτῴ·
1163 3616 1347 3696 γένει,
1391 3615 1400 3691 Ι
1441 3616 1631 3678 ἔνεστι
1680 3615 1739 3678 δ’
1788 3615 1854 3678 ἐν
1917 3616 2150 3697 χέρσου
2197 3615 2587 3696 τετρασκελεῖ
2626 3619 2799 3697 γονῇ.
2869 3612 3066 3676 Andr.

622 3706 768 3768 831.
816 3704 949 3786 ἔρρ’
998 3705 1299 3786 αἰθέριον.
1351 3704 1494 3767 516.
1544 3706 1630 3767 ἴθ’
1676 3704 2075 3787 ὑποχθόνιοι.
2120 3704 2256 3767 Tro.
2294 3705 2438 3765 325.
2464 3703 2680 3765 ,πάλλε
2710 3702 2858 3765 πόδ’
2891 3702 3065 3765 αἰθέ-

614 3818 768 3877 ριον.
814 3793 969 3858 Hec.
1022 3795 1166 3856 927.
1218 3794 1351 3857 Alc.
1404 3796 1547 3856 983.
1605 3794 1736 3875 ἐγὼ
1792 3794 1898 3857 καὶ
1956 3792 2057 3857 διὰ
2104 3794 2354 3875 μούσας
2399 3792 2505 3856 καὶ
2548 3792 2884 3875 μετάρσιος
2927 3789 3068 3874 ᾖξα.

617 3882 707 3947 Cf.
756 3885 945 3947 etiam
993 3883 1129 3946 Tro.
1187 3881 1326 3946 166.
1375 3884 1474 3965 Aj.
1530 3884 1714 3947 1004.
1765 3882 1949 3946 Alex.
1998 3883 2113 3946 III.
2161 3884 2308 3946 480.
2356 3883 2596 3945 πέτεται
2644 3881 3015 3951 διαπόντιος.

795 3972 939 4035 786.
988 3972 1379 4054 ἀγρονόμοις
1423 3972 1673 4057 αὐλαῖς]
1723 3974 1811 4037 Cf.
1862 3972 1932 4036 O.
1964 3971 2035 4035 R.
2091 3974 2275 4035 1103.
2322 3972 2567 4042 πκάκες
2613 3971 2978 4053 ἀγρονόμοι.

796 4064 941 4125 787.
988 4063 1100 4125 καί
1159 4087 1228 4126 σε
1279 4100 1357 4108 -
1408 4063 1685 4145 φύξιμος
1749 4059 1986 4147 οὐδεὶς]
2064 4061 2168 4125 Sic
2233 4061 2375 4142 LyS.
2427 4063 2494 4143 3,
2542 4063 2644 4123 27.
2708 4060 2816 4123 καὶ
2878 4065 3069 4123 ταῦτα

616 4151 880 4234 ἔξαρνός
926 4152 1065 4216 ἐστι.
1126 4152 1279 4216 Plat.
1313 4152 1452 4215 Alo.
1485 4151 1565 4215 Π.
1607 4152 1723 4214 141
1749 4151 1825 4216 D.
1875 4150 2049 4233 οἶμαι
2115 4152 2186 4214 δέ
2249 4176 2318 4214 σε
2382 4152 2503 4214 οὐκ
2569 4150 2851 4233 ἀνήκοον
2916 4148 3070 4214 εἶναι

616 4243 746 4305 ἔνια
795 4248 909 4306 etc.
1002 4240 1107 4305 Sic
1153 4242 1584 4305 accusativum
1639 4243 1804 4321 regit
1847 4241 2124 4322 πόριμος
2174 4241 2398 4304 Aesch.
2448 4240 2656 4304 Prom.
2706 4240 2853 4303 939.
2900 4242 3068 4303 συνί-

615 4354 785 4414 στωρ
843 4333 960 4413 Ag.
1014 4331 1200 4394 1058.
1259 4331 1620 4413 ἐπιστήμων
1675 4329 1843 4393 Xen.
1892 4330 2036 4411 Cyr.
2086 4330 2195 4394 III.
2248 4332 2304 4392 3.
2355 4331 2411 4392 9.
2519 4329 2611 4393 Cf.
2668 4328 2764 4391 Tr.
2814 4330 2940 4392 441
2978 4348 3069 4411 sq.

617 4421 742 4483 497
778 4441 869 4503 sq.
917 4418 1101 4484 Hom.
1151 4419 1221 4483 Il.
1277 4422 1373 4501 14,
1427 4422 1568 4483 198.
1605 4421 1864 4501 .ῑμέρον,
1923 4417 2047 4500 ᾧτε
2103 4420 2180 4483 σὺ
2226 4421 2466 4489 πάντας
2505 4418 2515 4502 Ι
2557 4419 2770 4500 δαμνᾷ
2824 4418 3069 4482 ἀθανά-

616 4532 763 4580 τους
819 4508 933 4599 ἠδὲ
978 4509 1253 4593 θνητοὺς
1299 4510 1709 4599 ἀνθρώπους.
1759 4507 1839 4572 Η.
1890 4508 2045 4575 Ven.
2097 4511 2133 4571 2
2169 4528 2259 4597 sq.
2317 4508 2475 4572 Plat.
2524 4507 2741 4595 Symp.
2792 4509 2933 4571 178.
2982 4507 3073 4571 ὅτι
