3463 5287
593 427 721 487 382
1608 442 1862 489 numus
1907 444 2029 489 m

774 602 961 667 1361.
1009 601 1355 686 ὁμογενὴς]
1413 601 1459 665 Ι.
1508 621 1565 685 q.
1613 602 1986 685 ὁμοσπόρος
2031 602 2181 666 460.
2258 601 2460 667 801101.
2508 602 2578 677 ἐξ
2623 600 2720 666 ὧν
2765 602 3046 686 ἔτέχθην,

592 693 663 767 ἐξ
706 692 921 756 αὐτῶν
966 692 1071 755 καὶ
1115 693 1354 756 τέτοκα.
1433 690 1521 754 Cf.
1569 691 1719 756 Eur.
1767 690 1911 757 Hel.
1963 692 2152 756 1685.
2210 692 2430 775 γεγῶτ’
2477 691 2760 776 ἀδελφῆς
2817 693 3045 775 ὁμογε-

590 787 745 853 νοῦς
791 781 905 864 ἀφ’
952 782 1233 864 αἵματος.
1290 780 1468 863 Trag.
1517 781 1727 865 adesp.
1780 782 1926 845 358.
1983 781 2417 863 ἀνδροκτόνου
2474 781 2774 863 γυναικὸς
2820 782 3046 864 ὁμογε·

589 871 704 955 νὴς
758 872 898 956 (leg.
943 870 1278 954 ὁμολεχὴς)
1326 871 1500 954 ἔφυς.
1579 869 1705 935 Sed
1763 871 1950 935 hodie
2008 871 2323 955 ὁμολεχὴς
2369 878 2542 937 recte
2589 872 2848 955 legitur,
2903 873 2942 933 i.
2991 891 3047 953 q.

589 961 975 1044 ὁμοδέμνιος
1025 962 1275 1042 (Aesch.
1323 962 1442 1044 Ag.
1495 960 1683 1024 1108.
1748 959 1857 1024 τὸν
1921 961 2310 1044 ὁμοδέμνιον
2362 960 2599 1041 πόσιν),
2664 961 3049 1043 ὁμόλεκτρος

590 1050 764 1131 (Eur.
814 1048 917 1115 Or.
966 1050 1113 1113 476.
1173 1048 1384 1134 Ζηνὸς
1439 1049 1830 1131 ὁμόλεκτρον
1883 1051 2103 1132 κάρα),
2169 1050 2504 1133 ὁμόγαμος
2551 1050 2812 1131 (Phoen.
2865 1051 3049 1129 137.),

589 1139 958 1223 κοινολεχής
1020 1137 1145 1219 (El.
1205 1140 1365 1220 97.),
1428 1139 1866 1221 κοινόλεκτρος
1928 1139 2187 1221 (Aesch.
2253 1139 2355 1204 Pr.
2406 1139 2551 1203 560.
2636 1142 2752 1224 Ag.
2818 1140 3049 1219 1441.).

590 1227 895 1294 Similiter
938 1227 1290 1312 αἰνολεχὴς,
1336 1228 1760 1310 αι’νόλεκτρος,
1807 1228 2169 1313 αἰνόγαμος.

777 1319 963 1382 1363.
1013 1317 1102 1381 Cf.
1152 1317 1222 1382 Ο.
1257 1317 1322 1382 C.
1378 1319 1565 1381 1388.
1612 1320 1713 1400 Aj.
1773 1319 1957 1382 1050.
2005 1317 2099 1381 El.
2154 1319 2340 1382 1060.

773 1409 961 1472 1365.
1008 1406 1435 1491 πρεσβύτερον
1482 1408 1565 1471 ἔτι
1610 1413 1819 1472 κακοῦ
1857 1407 2086 1492 κακὸν]
2137 1407 2226 1472 Of.
2259 1408 2411 1472 Eur.
2445 1406 2610 1472 Med.
2645 1408 2792 1472 236.
2839 1413 3046 1472 κακοῦ

592 1497 712 1581 γὰρ
776 1497 941 1561 τοῦτ’
989 1498 1069 1560 ἔτ’
1135 1497 1351 1579 ἄλγιον
1414 1498 1634 1561 κακόν.
1699 1498 1928 1563 Aesch.
1977 1501 2095 1581 Ag.
2144 1498 2292 1561 837.
2348 1504 2558 1562 κακοῦ
2613 1499 2841 1562 κάκιον
2896 1498 3047 1561 ἀλλο

589 1594 789 1671 πῆμα.
924 1585 1374 1671 πρεσβύτερον]
1435 1585 1522 1649 Cf.
1571 1587 1800 1651 Aesch.
1849 1586 1999 1651 Cho.
2049 1588 2195 1650 631.
2250 1592 2477 1651 κακῶν
2523 1587 2596 1651 δὲ
2639 1588 3044 1669 πρεσβεύεται

588 1677 659 1741 τὸ
707 1677 997 1760 Λήμνιον
1060 1677 1249 1758 λόγῳ.
1316 1675 1482 1739 Ρ1111.
1539 1675 1772 1741 Cleom.
1826 1676 1923 1740 10.
1987 1675 2233 1760 τρυφὰς
2295 1677 2403 1740 καὶ
2465 1678 2620 1760 χρέα
2669 1714 2752 1723 -
2801 1677 2910 1739 καὶ
2969 1675 3042 1739 τὰ

591 1767 983 1850 πρεσβύτερα
1048 1767 1290 1830 τούτων
1352 1764 1522 1828 κακὰ
1586 1765 1804 1828 πενίαν
1867 1766 1974 1829 καὶ
2027 1766 2302 1829 πλοῦτον
2347 1766 2476 1829 κτλ.
2525 1764 2676 1847 (Ubi
2725 1765 2827 1829 hic
2871 1766 3048 1829 locus

593 1856 927 1920 manifesto
993 1856 1365 1940 respicitur.)
1430 1854 1580 1919 Eur.
1627 1854 1725 1917 Fr.
1778 1856 1932 1937 959,
1981 1856 2038 1918 2.
2087 1855 2216 1937 ἐγὼ
2265 1855 2321 1918 δ’
2370 1855 2560 1919 οὐδὲν
2622 1855 3048 1939 πρεσβύτερον

594 1947 837 2029 νομίζω
902 1950 1011 2016 τᾶς
1057 1944 1498 2028 σωφροσύνας.
1546 1943 1782 2009 Herod.
1830 1944 1906 2008 V.
1956 1946 2059 2007 63.
2106 1943 2179 2007 τὰ
2228 1944 2350 2026 γὰρ
2397 1950 2508 2009 τοῦ
2564 1945 2725 2009 θεοῦ
2771 1944 3046 2028 πρεσβύ-

593 2059 738 2117 τερα
786 2035 1106 2100 ἐποιεῦντο
1154 2038 1193 2118 ἢ
1240 2034 1313 2098 τὰ
1360 2040 1489 2098 τῶν
1535 2034 1809 2116 ἀνδρῶν.
1885 2033 2105 2099 Redde
2151 2036 2484 2118 graviuS,
2530 2037 2761 2118 pejuS.

776 2125 965 2188 1366.
1011 2131 1120 2207 τῆς
1166 2125 1531 2207 ἀκουούσης
1578 2160 1660 2170 —-
1709 2123 1950 2209 πηγῆς]
2000 2123 2088 2189 Cf.
2139 2124 2328 2188 Arist.
2375 2124 2484 2187 Th.
2540 2125 2635 2187 18.

775 2215 965 2279 1367.
1013 2214 1101 2278 Cf.
1149 2215 1248 2296 Aj.
1296 2216 1443 2277 428.
1510 2213 1658 2278 οὔθ’
1705 2214 1888 2284 ὅπως
1951 2214 2041 2277 ἐῶ
2108 2213 2305 2295 λέγειν
2351 2215 2481 2296 ἔχω
2529 2214 2678 2297 (σε).
2815 2214 3045 2296 βεβου-

596 2305 860 2369 λεῦσθαι
906 2303 1155 2388 καλῶς]
1204 2303 1293 2367 Cf.
1341 2303 1491 2366 Eur.
1538 2302 1757 2387 Suppl.
1808 2304 1954 2366 247.

776 2395 963 2458 1368.
1009 2394 1321 2475 κρείσσων
1368 2392 1488 2476 γὰρ
1535 2391 1710 2475 ἦσθα
1746 2393 1862 2476 —-]
1911 2393 2035 2457 Pro
2067 2399 2359 2475 κρεῖσσον
2391 2392 2511 2475 γὰρ
2557 2391 2637 2476 ἦν
2683 2416 2782 2456 σοι
2826 2392 3048 2475 μηκέτι

595 2481 748 2545 εἶναι
803 2484 843 2565 ἢ
901 2484 1018 2565 ζῆν
1080 2481 1329 2563 τυφλός.
1409 2482 1500 2546 Cf.
1558 2483 1658 2564 Aj.
1709 2483 1854 2545 634.
1932 2483 2123 2546 Arist.
2179 2481 2344 2545 Nub.
2409 2484 2594 2545 1215.
2661 2482 2852 2565 Vesp.
2902 2481 3047 2544 209.

594 2571 764 2635 Εο01.
817 2573 959 2634 145.
1007 2570 1193 2635 Alex.
1226 2569 1340 2634 III.
1375 2573 1521 2633 474.
1570 2570 1713 2655 LyS.
1749 2592 1805 2656 p.
1842 2573 1986 2655 789,
2021 2574 2122 2635 23.
2170 2574 2467 2656 κρείττων
2513 2570 2591 2656 ἦν
2634 2571 2726 2655 μὴ
2774 2572 3046 2653 λειτουρ-

596 2663 794 2746 γήσας
849 2664 887 2744 ἢ
934 2666 1204 2724 τοσαῦτα
1253 2661 1602 2731 ἀναλώσας.
1660 2662 1953 2725 Philostr.
2003 2662 2131 2726 vit.
2178 2663 2386 2746 Apoll.
2419 2661 2494 2724 V.
2531 2663 2631 2724 34.
2666 2662 2813 2725 216.
2859 2667 3048 2725 ταῦτα

594 2751 855 2834 βελτίων
901 2753 979 2814 ἂν
1024 2750 1104 2833 ἦν
1148 2750 1484 2814 καταλύων
1530 2754 1568 2833 ἢ
1616 2750 1689 2814 τὰ
1740 2788 1821 2799 -
1873 2751 2356 2834 διορθούμενος.
2401 2750 2701 2816 Themist.
2737 2749 2839 2815 Or.
2874 2749 3049 2815 VIII.

596 2860 654 2925 p.
706 2842 832 2903 172
860 2840 925 2905 C.
973 2841 1252 2923 ἀμείνων
1300 2839 1469 2924 ἦσθα
1517 2842 1597 2903 ἂν
1641 2848 1734 2923 τῷ
1766 2879 1848 2886 -
1881 2843 2222 2924 προσέχων
2268 2845 2307 2925 ἢ
2355 2842 2562 2905 αἰτῶν.
2608 2840 2795 2905 Dion.
2829 2840 3049 2922 Chrys.

594 2929 710 2994 XI.
761 2931 906 2994 360.
954 2930 1091 3013 ὅσῳ
1137 2932 1396 3012 κρείττω
1443 2936 1631 2993 ταῦτα
1678 2931 1769 3013 μὴ
1821 2932 2126 3013 γενόμενα
2176 2934 2214 3014 ἢ
2266 2930 2496 3013 Τροίαν
2541 2930 2797 2994 ἁλῶναι.

778 3020 966 3083 1371.
1016 3020 1105 3084 Cf.
1161 3022 1263 3103 Aj.
1311 3020 1458 3083 464.
1523 3019 1629 3083 καὶ
1702 3025 1889 3084 ποῖον
1954 3022 2134 3102 ὄμμα
2199 3021 2386 3102 πατρὶ
2460 3020 2736 3103 δηλώσω
2801 3020 3051 3103 φανείς,·

597 3108 712 3173 Ρ11.
750 3110 893 3173 110.
940 3114 1082 3181 πῶς
1129 3109 1244 3173 οὗν
1273 3110 1530 3193 βλέπων
1574 3133 1662 3180 τις
1692 3115 1882 3173 ταῦτα
1914 3110 2206 3193 τολμήσει
2236 3110 2471 3185 λαλεῖν,·
2517 3109 2666 3173 Eur.
2688 3108 2879 3193 Hipp.
2901 3111 3048 3171 415.

596 3202 669 3262 αἳ
714 3204 856 3270 πῶς
910 3202 1048 3263 ποτ’
1098 3236 1180 3245 —-
1226 3199 1566 3283 βλέπουσιν
1621 3200 1707 3270 εἷς
1762 3199 2080 3280 πρόσωπα
2136 3203 2264 3263 τῶν
2319 3201 2705 3273 ξυνευνετῶν
2739 3222 2855 3274 -,·
2903 3198 3048 3261 662.

596 3287 730 3372 Iph.
765 3290 840 3352 A.
876 3291 1022 3352 445.
1068 3295 1254 3352 ποῖον
1311 3290 1490 3371 ὄμμα
1539 3289 1867 3372 συμβαλῶ.
1915 3287 2094 3353 Dem.
2142 3308 2199 3373 p.
2237 3291 2380 3352 799.
2427 3290 2633 3359 ποίοις
2677 3289 3051 3370 προσώποις

596 3381 636 3460 ἢ
702 3379 854 3441 τίσιν
918 3378 1282 3461 ὀφθαλμοῖς
1345 3378 1509 3460 πρὸς
1580 3379 1848 3443 ἕκαστον
1911 3381 2152 3442 τούτων
2225 3378 2386 3442 ἀντι·
2455 3378 2751 3462 βλέψετε;
2815 3376 3048 3441 Herod.

596 3466 644 3531 I.
695 3468 796 3530 37.
854 3473 967 3530 νῦν
1022 3492 1084 3530 τε
1137 3468 1328 3531 τέοισί
1375 3493 1458 3551 με
1512 3468 1633 3550 χρὴ
1692 3469 1936 3551 ὄμμασι
1992 3470 2056 3538 ἔς
2109 3492 2172 3531 τε
2219 3467 2462 3551 ἀγορὴν
2508 3468 2632 3531 καὶ·
2679 3468 2749 3541 ἐξ
2811 3468 3050 3550 ἀγορῆς

596 3557 923 3639 φοιτέοντα
970 3558 1342 3640 φαίνεσθαι,·
1390 3557 1568 3621 Dem.
1618 3558 1696 3621 de
1745 3556 1882 3620 Cor.
1933 3559 1970 3638 ξ
2019 3558 2165 3620 201.
2214 3557 2415 3622 ΡΙαιιῖ.
2465 3557 2601 3622 Cae.
2637 3555 2713 3618 V.
2749 3558 2804 3620 3.
2852 3556 3050 3633 ‘Quo-

595 3650 784 3710 modo
834 3665 1037 3710 meam
1085 3666 1350 3712 uxorem
1401 3647 1702 3730 aspiciam
1751 3653 1968 3711 contra
2017 3646 2294 3711 oculisP'

780 3735 967 3799 1373.
1016 3735 1112 3799 οἷν
1147 3736 1288 3818 ἐμοὶ
1321 3736 1498 3799 δυοῖν
1530 3736 1648 3820 -]
1699 3736 1791 3800 Cf.
1825 3738 2016 3799 Arist.
2051 3738 2169 3800 AV.
2210 3739 2394 3800 1237.
2434 3736 2527 3806 οἷς
2557 3736 2790 3798 θυτέον
2820 3736 3046 3805 αὐτοῖς.

596 3821 694 3887 De
754 3826 1224 3889 constructione
1297 3825 1680 3907 ἐργάζεσθαί
1737 3827 1855 3889 τινί
1912 3851 1964 3888 τι
2029 3827 2107 3890 of.
2170 3828 2355 3889 1402.
2423 3824 2510 3889 οἷ’
2576 3826 2732 3907 ἔργα
2811 3825 3049 3906 δράσας

597 3914 746 3996 ὑμῖν
780 3951 888 3978 -.
934 3913 1034 3977 Tr.
1068 3916 1212 3978 808.
1262 3916 1453 3979 Arist.
1490 3915 1676 3998 Vesp.
1715 3916 1903 3977 1350.
1949 3916 2204 3985 πολλοῖς
2241 3915 2362 3998 γὰρ
2409 3916 2532 3999 ἤδη
2581 3915 2870 3999 χάτέροις
2915 3915 3048 3977 αὔτ’

597 4004 889 4086 εἰργάσω.
938 4003 1087 4067 Eur.
1134 4003 1299 4068 Med.
1355 4006 1539 4068 1292.
1596 4005 1715 4067 ὅσα
1767 4005 1844 4087 δὴ
1892 4007 2144 4088 βροτοῖς
2189 4007 2408 4087 ἔρεξας
2453 4006 2578 4088 ἤδη
2627 4004 2817 4068 κακά.
2864 4004 3051 4068 Hom.

598 4093 713 4157 Od.
751 4094 852 4174 14,
885 4094 1030 4157 289.
1082 4092 1383 4176 Τρώκτης
1427 4093 1515 4166 θ’,
1562 4095 1634 4164 ὃς
1681 4095 1760 4177 δὴ
1809 4095 2009 4158 πολλὰ
2056 4096 2203 4158 κάκ’
2251 4095 2691 4177 ἀνθρώποισιν
2737 4095 2976 4176 ἐώργει.

781 4185 967 4247 1374.
1015 4185 1166 4264 ἔργα
1217 4218 1300 4229 --
1348 4184 1658 4265 κρείσσον’
1706 4184 2015 4268 ἀγχόνης]
2073 4185 2161 4248 Cf.
2214 4185 2356 4247 177.
2414 4184 2639 4249 Aesoh.
2688 4184 2809 4267 Ag.
2862 4186 3049 4247 1375.

598 4273 954 4354 ἀρκύστατα
990 4311 1071 4319 —
1106 4274 1275 4354 ὕψος
1320 4273 1631 4355 κρείσσον’
1679 4273 2147 4356 ἐκπηδήματος.
2207 4274 2355 4336 Eur.
2409 4274 2635 4339 Bacch.
2688 4275 2834 4338 246.
2885 4275 3050 4336 ταῦτ’

597 4363 740 4446 οὐχὶ
805 4363 1011 4446 δεινῆς
1066 4363 1343 4447 ἀγχόνης
1408 4363 1475 4442 (l.
1526 4362 1695 4427 δεινὰ
1753 4362 2103 4445 κάγχόνης)
2149 4363 2271 4426 ἔστ’
2318 4364 2496 4438 figam,-
2551 4363 2701 4428 Her.
2750 4365 2898 4428 247.
2945 4362 3052 4426 καὶ

595 4453 730 4515 τάδ’
779 4452 1055 4536 ἀγχόνης
1084 4454 1292 4523 πέλας.
1340 4452 1478 4517 Α10.
1514 4454 1660 4515 232.
1707 4452 1864 4517 Hec.
1901 4453 2046 4515 633.
2096 4452 2269 4535 Gyol.
2305 4455 2450 4516 351.
2483 4453 2675 4516 Arist.
2710 4454 2866 4516 th.
2903 4453 3050 4515 125.

596 4541 892 4605 Aeschin.
944 4543 1044 4624 33,
1095 4545 1193 4606 18.
1250 4547 1433 4606 τοῦτο
1492 4543 1547 4605 δ’
1595 4542 1696 4626 ἀρ’
1752 4541 1831 4625 ἦν
1879 4542 2116 4626 ἀγχόνη
2168 4542 2299 4626 [καὶ
2343 4542 2534 4626 λύπη]
2585 4543 2802 4624 τούτῳ.
2857 4541 3050 4605 Thuc.
