3463 5287
693 415 824 479 446
1724 433 2116 481 Ρειιωοππε

879 595 1067 657 1428.
1113 592 1313 657 σκῦλά
1359 591 1410 655 τ’
1444 592 1552 676 ·-—]
1602 591 1688 656 Of.
1724 593 1953 658 Aesoh.
1986 591 2152 677 Sept.
2186 593 2334 656 474.
2370 591 2469 656 δύ’
2516 593 2712 675 ἄνδρε
2755 593 2865 657 καὶ
2892 592 3150 676 πόλισμ’

693 684 794 747 ἐπ’
840 682 1108 753 ἀσπίδος
1156 684 1166 763 Ι
1215 682 1380 746 ἑλὼν
1424 682 1736 765 λαφύροις
1791 682 1981 764 δῶμα
2038 683 2347 766 κοσμήσει
2402 682 2657 764 πατρός.
2712 680 2861 746 Eur.
2912 681 3152 745 Phoen.

699 774 889 836 1475.
937 773 1000 836 οἳ
1045 770 1102 835 δ’
1149 771 1419 842 ἀσπίδας
1464 772 1774 842 συλῶντες
1813 771 2115 853 Ἀργείων
2160 776 2409 854 νεκρῶν
2450 775 2459 854 Ι
2499 771 2951 854 σκυλεύματ’
2998 773 3152 836 εἴσω

692 862 950 945 τειχέων
995 861 1456 943 ἐπέμπομεν.

878 951 1065 1013 1429.
1121 949 1378 1032 ἀριστεῖ’
1433 949 1727 1034 ἐκλαβὼν
1783 949 2273 1035 στρατεύματος]
2332 949 2425 1014 Of.
2479 949 2629 1013 Eur.
2677 949 2905 1015 Bacch.
2960 951 3153 1014 1237.

693 1041 976 1123 λαβοῦσα
1033 1041 1354 1122 τάριστεῖα.
1420 1040 1656 1104 Phocn.
1705 1041 1852 1103 214.
1899 1040 2129 1111 πόλεος
2174 1040 2647 1121 ἔκπροκριθεῒσ
2693 1043 2853 1122 ἐμᾶς
2897 1040 3152 1103 καλλισ-

694 1131 969 1212 τεύματα
1016 1129 1238 1211 Λοξίᾳ.

880 1218 1066 1282 1430.
1121 1216 1309 1301 Οἴτης
1353 1217 1597 1302 πλάκα]
1656 1217 1744 1281 Cf.
1792 1219 1869 1281 ad
1915 1218 2012 1281 Tr.
2061 1219 2206 1281 273.
2255 1218 2365 1280 ἀπ’
2411 1218 2615 1300 ἄκρας
2648 1255 2730 1264 --
2763 1218 3159 1300 πυργώδους

695 1308 956 1378 πλακός.
1007 1308 1152 1371 635.
1198 1308 1444 1389 πάγους
1489 1305 1694 1390 Οἴτης.
1743 1309 1841 1390 Aj.
1880 1308 2066 1371 1220.
2113 1307 2322 1389 ἄκραν
2365 1307 2494 1371 ὑπὸ
2539 1307 2753 1371 πλάκα
2799 1307 3101 1371 Σουνίου.

879 1398 1050 1459 1434
1070 1416 1160 1479 sq.
1206 1396 1381 1461 τοῦδ’
1430 1433 1513 1442 -
1562 1394 1748 1468 οὗτος
1795 1434 1878 1443 -—
1927 1394 2111 1467 οὗτος
2160 1435 2240 1443 -
2289 1396 2493 1480 τόνδε]
2543 1394 2776 1461 Omnia
2818 1397 2897 1462 dc
2929 1397 3200 1464 eadem.

697 1506 983 1572 persona.
1062 1483 1151 1548 Cf.
1198 1485 1296 1549 El.
1346 1487 1490 1549 371.
1540 1487 1686 1548 981.

881 1577 1050 1638 1440
1072 1593 1162 1656 sq.
1208 1581 1393 1639 τοῦτο
1443 1575 1499 1639 δ’
1548 1574 1655 1658 -]
1706 1575 1796 1640 Cf.
1829 1576 2056 1639 Aesch.
2091 1576 2210 1659 Ag.
2245 1577 2391 1639 338.
2438 1576 2496 1638 εἶ
2539 1576 2596 1639 δ’
2644 1576 2974 1659 εὐσεβοῦσι
3005 1575 3159 1646 τοὺς

697 1664 945 1747 (πρὸςῖ)
990 1665 1452 1747 πολισσούχους
1498 1663 1693 1736 θεοὺς
1733 1665 1743 1748 Ι
1783 1664 1930 1735 τοὺς
1972 1671 2083 1748 τῆς
2129 1665 2405 1748 ἁλούσης
2453 1671 2565 1748 γῆς
2611 1666 2791 1728 θεῶν
2846 1666 2914 1728 θ’
2971 1666 3157 1747 ἱδρύ-

700 1778 888 1837 ματα,
930 1755 940 1836 Ι
981 1754 1059 1818 οὗ
1107 1755 1217 1816 τᾶν
1262 1753 1503 1824 ἑλόντες
1547 1752 1740 1824 αὖθις
1785 1754 2123 1818 ἀνθαλοῖεν
2168 1755 2265 1817 ἄν.

880 1844 1066 1906 1441.
1114 1843 1187 1906 τὰ
1233 1842 1398 1925 πρὸς
1427 1842 1645 1927 θεούς]
1692 1844 1780 1907 In
1826 1845 1924 1907 iis
1972 1862 2162 1924 quae
2210 1842 2297 1906 ad
2346 1843 2524 1908 deos
2569 1844 2981 1928 peltinent.
3063 1844 3158 1908 Cf.

700 1933 846 1997 Ant.
900 1934 1085 1996 1348.
1133 1932 1255 2015 χρὴ
1307 1931 1364 1996 δ’
1412 1932 1476 2002 ἐς
1521 1932 1593 1995 τὰ
1641 1933 1819 1996 θεῶν
1863 1933 2066 2015 μηδὲν
2113 1932 2410 1997 ἀσεπτεῖν.
2462 1933 2685 1996 Aesch.
2733 1936 2851 2017 Ag.
2891 1934 3039 1997 804.
3079 1933 3158 1996 τὰ

701 2023 758 2086 δ’
806 2023 871 2093 ἐς
914 2021 985 2086 τὸ
1044 2021 1157 2086 σὸν
1212 2022 1518 2105 φρόνημα
1563 2058 1677 2083 -.
1747 2023 1893 2085 818.
1962 2022 2036 2085 τὰ
2105 2022 2162 2086 δ’
2227 2022 2382 2085 ἄλλα
2446 2021 2610 2104 πρὸς
2671 2023 2856 2086 πόλιν
2917 2046 2982 2086 τε
3046 2022 3162 2086 καὶ

698 2110 895 2182 θεοὺς
942 2148 1053 2173 -.
1117 2110 1268 2175 Eur.
1316 2110 1458 2175 Hel.
1512 2112 1699 2174 1648.
1745 2110 1819 2173 τὰ
1865 2115 1995 2174 τῶν
2051 2112 2227 2174 θεῶν
2271 2117 2535 2193 τιμῶσα.
2598 2110 2736 2174 Tro.
2787 2111 2933 2176 608.
2998 2110 3158 2174 Eur.

700 2200 796 2264 Fr.
844 2201 994 2282 496,
1026 2204 1084 2264 4.
1130 2200 1203 2263 τὰ
1238 2201 1295 2264 δ’
1328 2202 1414 2271 εἷς
1447 2201 1692 2281 γάμους
1731 2200 1742 2283 1
1785 2199 1973 2264 οὐδὲν
2005 2201 2307 2265 δοκοῦσιν
2339 2200 2505 2282 ὑγιὲς
2535 2200 2838 2282 ἀνδράσιν
2874 2208 3157 2284 φρονεῖν.

698 2288 794 2353 De
840 2310 909 2354 re
953 2291 1089 2373 ipsa
1135 2289 1237 2352 adi
1284 2289 1476 2353 schol.
1524 2289 1714 2354 Isocr.
1749 2289 1903 2353 Pan.
1937 2291 1995 2353 8.
2041 2290 2206 2370 πρὸς
2249 2290 2324 2352 τὰ
2370 2295 2498 2353 τῶν
2535 2290 2713 2353 θεῶν
2743 2290 3158 2373 εὐσεβέστατα

701 2380 1147 2461 διακειμένους.
1196 2379 1389 2442 Arist.
1421 2377 1567 2460 Lys.
1608 2380 1752 2443 932.
1798 2379 1891 2461 μή
1936 2376 2007 2460 μ’
2055 2380 2452 2461 ἐξαπατήσῃς
2495 2378 2569 2442 τὰ
2616 2379 2760 2460 περὶ
2803 2384 2933 2442 τῶν
2979 2379 3157 2443 διαλ-

699 2469 929 2550 λαγῶν.

888 2558 1073 2620 1442.
1125 2556 1359 2638 δεύτερ’
1405 2557 1658 2641 ἡγεῖται]
1718 2556 1808 2620 Cf.
1858 2556 1927 2622 O
1963 2557 2029 2621 C.
2079 2559 2225 2620 351.
2276 2555 2511 2639 δεύτερ’
2566 2559 2798 2640 ἡγεῖται
2852 2581 2926 2620 τα
2981 2563 3097 2640 τῆς
3147 2556 3154 2641 1

701 2649 863 2711 οἴκοι
912 2646 1160 2728 διαίτης.
1226 2646 1323 2709 1⁴r.
1374 2649 1520 2728 325,
1569 2650 1625 2710 5.
1690 2648 1868 2711 κᾶστι
1931 2647 2096 2729 πρὸς
2149 2647 2221 2711 τὰ
2278 2649 2567 2730 χρήματα
2610 2649 2619 2732 Ι
2660 2649 2917 2730 θνητοῖς
2969 2648 3157 2731 (θνη-

700 2737 926 2811 rozam)
973 2736 1161 2799 τᾶλλα
1210 2736 1485 2816 δεύτερα.

886 2827 1070 2891 1443.
1103 2826 1142 2907 ἡ
1178 2824 1300 2906 γὰρ
1331 2826 1610 2907 εὐσέβεια
1645 2827 2027 2909 συνθνήσκει
2056 2826 2331 2910 βροτοῖς]
2366 2824 2453 2889 Cf.
2487 2825 2558 2890 Ο.
2592 2826 2659 2891 C.
2698 2829 2886 2890 1751.
2924 2827 3159 2890 παύετε

699 2916 964 2997 θρῆνον,
996 2913 1240 2984 παῖδες·
1289 2914 1460 2985 ὅσοις
1507 2914 1628 2997 γὰρ
1670 2916 1679 2997 Ι
1719 2916 1902 2998 χάρις
1947 2917 1986 2998 ἡ
2033 2916 2260 2998 χθονία
2295 2916 2806 2999 ξυναποθνήσκει
2848 2918 2857 2998 Ι
2896 2916 3160 2979 πενθεῖν

702 3004 780 3067 οὐ
826 3004 949 3087 χρή
998 3004 1107 3086 (ita
1154 3005 1323 3067 enim
1373 3003 1819 3087 corrigendum
1869 3004 2161 3082 videtur).

884 3095 1053 3156 1444
1075 3113 1164 3175 sq.
1232 3093 1319 3157 Cf.
1369 3094 1518 3156 Eur.
1565 3093 1662 3157 Fr.
1715 3094 1954 3175 734,1.
2019 3094 2205 3177 ἀρετὴ
2275 3094 2371 3167 δὲ,
2436 3096 2559 3158 κᾶν
2622 3094 2792 3177 θάνῃ
2846 3118 2960 3166 τις,
3031 3094 3156 3158 οὐκ

701 3183 1070 3253 ἀπόλλυται,
1112 3186 1121 3263 Ι
1164 3184 1242 3266 ζῇ
1273 3182 1331 3246 δ’
1371 3184 1574 3246 οὐκέτ’
1607 3184 1789 3253 ὄντος
1820 3184 2141 3264 σώματος·
2174 3189 2425 3247 κακοῖσι
2456 3184 2527 3247 δὲ
2567 3185 2577 3267 Ι
2618 3185 2862 3248 ἅπαντα
2894 3184 3157 3265 φροῦδα

702 3272 1093 3336 συνθανόνθ’
1140 3271 1268 3334 ὑπὸ
1315 3272 1569 3354 χθονός.
1628 3272 1778 3334 Eur.
1826 3272 2025 3336 Andr.
2078 3273 2223 3336 775.
2271 3273 2311 3335 ἆ
2361 3273 2418 3335 δ’
2475 3272 2665 3355 ἀρετὰ
2721 3273 2828 3337 καὶ
2882 3273 3156 3337 θανοῦσι

700 3361 946 3443 λάμπει.
1017 3362 1339 3424 772-76.
1406 3362 1598 3425 Arist.
1645 3360 1801 3424 Rau.
1851 3363 1996 3424 868.
2046 3362 2136 3424 ὅτι
2193 3364 2230 3444 ἡ
2287 3363 2534 3445 ποίησις
2581 3363 2724 3446 οὐχὶ
2768 3363 3160 3444 συντέθνηκέ

704 3474 834 3532 μοι.
883 3449 1065 3513 Diod.
1113 3450 1233 3514 Sic.
1281 3450 1328 3514 I.
1363 3453 1420 3511 2.
1467 3457 1593 3521 τοῖς
1637 3450 1756 3532 μὲν
1804 3451 1870 3513 ἓν
1916 3459 2009 3533 τῷ
2055 3453 2172 3534 ζῇν
2214 3451 2419 3533 μηδὲν
2464 3452 2798 3534 ἀξιόλογον
2842 3452 3158 3533 πράξασιν

704 3541 838 3622 ἅμα
885 3545 1016 3609 ταῖς
1062 3544 1190 3602 τῶν
1237 3540 1557 3621 σωμάτων
1603 3540 1905 3610 τελευταῖς
1951 3540 2466 3623 συναποθνήσκει
2510 3541 2620 3604 καὶ
2659 3540 2732 3604 τὰ
2765 3541 2919 3604 ἄλλα
2950 3541 3155 3603 πάντα

700 3627 773 3692 τὰ
838 3627 997 3691 κατὰ
1061 3628 1169 3691 τὸν
1213 3629 1370 3710 βίον,
1434 3635 1559 3699 τοῖς
1626 3629 1694 3692 δὲ
1761 3629 1841 3692 δι’
1909 3630 2136 3712 ἀρετὴν
2189 3631 2782 3712 περιποιησαμένοις
2838 3630 3035 3703 δόξαν
3089 3630 3159 3692 αἶ

701 3718 958 3798 πράξεις
1013 3718 1257 3781 ἅπαντα
1314 3717 1422 3780 τὸν
1477 3720 1678 3781 αἰῶνα
1724 3720 2249 3801 μνημονεύ.ονται
2303 3718 2346 3782 J
2351 3719 2561 3803 oscph
2612 3721 2759 3782 Ant.
2806 3719 2849 3782 J
2854 3718 2955 3782 ud
3002 3709 3155 3781 XX.

705 3811 762 3869 2.
798 3809 853 3868 5.
902 3807 938 3868 ὁ
984 3806 1233 3887 καρπὸς
1280 3807 1400 3870 οὐκ
1448 3808 1786 3870 ἀπόλλυται
1834 3808 1871 3870 ὁ
1917 3814 2026 3890 τῆς
2071 3809 2400 3891 εὐσεβείας.

887 3898 1074 3958 1445.
1122 3897 1386 3979 φθέγμα
1436 3934 1517 3940 *—
1565 3897 1851 3981 πέμψας]
1901 3896 1990 3960 Cf.
2040 3898 2120 3961 ad
2168 3898 2312 3960 846.
2366 3898 2553 3961 1459.

885 3985 1072 4048 1446.
1120 3985 1374 4067 χρόνιος
1440 4022 1521 4031 —-
1588 3985 1838 4070 φανεὶς]
1915 3986 2005 4050 Cf.
2070 3985 2219 4049 Eur.
2277 3986 2417 4051 Hel.
2480 3988 2667 4051 1232.
2742 3987 2962 4070 χρονία
3035 3986 3155 4069 μὲν

703 4074 920 4158 ἦλθες,
968 4074 1092 4137 κτλ.
1141 4075 1326 4138 Alex.
1371 4073 1486 4138 III.
1538 4076 1683 4138 518.
1731 4075 1825 4145 ὡς
1870 4076 2122 4157 χρόνιος
2169 4076 2496 4158 ἐλήλυθας.

890 4165 1074 4227 1447.
1140 4162 1472 4250 ἀπιθήσω]
1548 4164 1691 4228 Hac
1766 4166 1992 4247 forma,
2077 4171 2150 4228 ut
2227 4166 2297 4229 in
2371 4167 2752 4251 anapaestis»,
2829 4166 3153 4250 epicorum

703 4254 997 4337 exemplo
1048 4274 1200 4317 usus
1231 4260 1340 4317 est.
1434 4253 1538 4317 Sic
1569 4253 1839 4335 εὖγενία,
1886 4255 2258 4335 εὐκαρπεία,
2293 4261 2406 4319 etc.
2473 4254 2559 4318 Cf.
2580 4255 2767 4318 Hom.
2787 4255 2862 4318 Il.
2884 4257 2988 4335 24,
3009 4255 3152 4321 339.

704 4346 798 4414 ὣς
829 4343 1033 4426 ἔφατ’·
1068 4344 1208 4407 οὐδ’
1241 4343 1515 4425 ἀπίθησε
1561 4344 1684 4406 κτλ.
1719 4348 1784 4407 ct
1814 4344 1894 4406 ad
1925 4345 2117 4406 Arist.
2149 4344 2209 4407 N
2216 4343 2315 4407 ub.
2353 4346 2496 4408 984.
2560 4343 2847 4427 Simplex
2878 4344 3154 4426 πιθήσας

704 4439 801 4497 cst
844 4434 1098 4497 Theocr.
1124 4431 1495 4496 XXIV.41.
1544 4432 1763 4514 ἀλόχῳ
1809 4434 2134 4515 κατέβαινε
2165 4435 2457 4516 πιθήσας.
2537 4434 2683 4497 Alia
2727 4432 2934 4497 forma
2979 4433 3151 4495 ἀπει-

702 4523 843 4585 θεῖν
889 4531 982 4584 est
1027 4523 1254 4585 Aesch.
1303 4525 1421 4602 Ag.
1475 4522 1661 4585 1049.
