3463 5287
1262 362 1536 410 onulfus
1581 363 1886 409 commus
2685 341 2808 408 187

529 524 674 588 333.
720 523 955 606 πότερα
1005 542 1135 588 non
1178 529 1486 605 sequente
1531 527 1601 607 ἢ,
1650 529 1721 587 ut
1765 525 1836 588 in
1882 522 1976 587 ΕΙ.
2011 525 2157 588 535.
2209 522 2319 586 Ph.
2358 524 2545 587 1235.
2682 522 2804 586 πό-

350 611 551 700 θοισι]
600 611 694 677 cf.
726 613 983 677 Aristot.
1031 614 1097 676 in
1139 620 1423 696 poemate
1456 614 1534 678 de
1573 613 1820 697 Ἆρετῇ,
1867 620 2002 684 σοῖς
2046 613 2282 683 πόθοις
2318 611 2595 695 Ἀχιλεὺς
2639 611 2804 683 Αἴας

351 701 401 764 τ’
436 701 652 765 Ἀίδαο
699 701 943 784 δόμους
987 701 1207 785 ἦλθον.
1387 701 1800 786 αὐτάγγελος]
1849 700 1999 766 Sub.
2046 703 2275 766 αὐτῶν.
2353 701 2444 765 Of.
2492 700 2604 765 Ph.
2657 702 2803 765 568.

355 791 603 856 divisim
653 791 766 856 Ph.
815 792 961 854 500.
1008 791 1201 855 αὐτὸν
1246 791 1527 874 ἄγγελον.

531 882 676 943 334.
724 879 838 954 ξὺν
881 878 1062 963 ᾧπερ
1108 880 1279 964 εἶχον
1326 880 1441 965 -]
1492 881 1580 945 Cf.
1611 881 1707 944 Tr.
1748 882 1934 945 1194.
1983 881 2098 954 ξὺν
2143 880 2238 951 οἷς
2282 880 2536 963 χρῄζεις
2581 880 2807 961 φίλων.

353 968 501 1033 Eur.
549 968 653 1033 Or.
691 970 879 1034 1407.
924 970 1088 1052 πρὸς
1132 971 1413 1053 θρόνους
1458 971 1587 1034 ἔσω
1631 969 1933 1053 μολόντες
1978 968 2055 1040 ἀς
2100 968 2285 1053 ἔγημ’
2322 1007 2404 1017 -
2436 967 2647 1051 Πάρις
2694 993 2804 1051 γυ-

354 1058 586 1130 ναικός.

532 1166 677 1230 335.
726 1167 788 1230 οἱ
841 1168 898 1230 δ’
947 1204 1029 1214 -
1075 1172 1204 1231 ποῦ
1268 1167 1503 1231 νεανίαι
1563 1168 1845 1249 πονεῒν;]
1912 1165 2001 1230 Cf.
2071 1166 2215 1230 Eur.
2274 1166 2379 1230 Or.
2441 1165 2629 1229 1473.
2676 1171 2807 1229 ποῦ

356 1255 490 1337 δῆτ’
536 1255 795 1337 ἀμύνειν
841 1257 904 1319 οἳ
945 1255 1103 1319 κατὰ
1152 1257 1371 1338 στέγας
1423 1256 1704 1338 Φρύγες;
1761 1255 1948 1321 Hom.
1996 1255 2068 1319 ΙΙ.
2122 1256 2219 1337 13,
2268 1257 2414 1319 312.
2462 1254 2644 1338 νηυσὶ
2687 1253 2808 1336 μὲν

356 1345 422 1408 ἕν
482 1345 784 1427 μέσσῃσιν
847 1344 1106 1426 ἀμύνειν
1170 1345 1281 1409 εἶσὶ
1344 1345 1451 1409 καὶ
1514 1345 1704 1409 ἄλλοι.
1776 1344 1920 1408 Eur.
1969 1344 2065 1408 Fr.
2114 1346 2262 1427 461,
2310 1346 2368 1407 2.
2434 1343 2699 1427 αῑσχρόν
2744 1367 2808 1407 τε

353 1434 623 1517 μοχθεῖν
667 1434 758 1517 μὴ
807 1434 1014 1497 θέλειν
1061 1435 1325 1498 νεανίαν.

533 1541 678 1604 336.
729 1541 899 1606 δεινὰ
946 1541 1059 1605 τάν
1102 1542 1360 1626 κείνοις]
1411 1542 1500 1606 Cf.
1549 1541 1629 1606 ad
1676 1541 1774 1606 ΕΙ.
1826 1544 1972 1606 924.

533 1632 678 1694 337.
727 1631 819 1694 Cf.
864 1629 1099 1696 Herod.
1146 1630 1227 1695 II.
1263 1633 1363 1695 35.
1410 1633 1478 1694 αἱ
1518 1631 1638 1714 μὲν
1680 1637 1970 1713 γυναῖκες
2015 1630 2401 1714 ἀγοράζουσι
2445 1628 2554 1694 καὶ
2599 1653 2808 1713 καπη-

354 1719 627 1791 λεύουσι,
685 1721 747 1784 οἱ
792 1720 862 1784 δὲ
915 1721 1143 1804 ἄνδρες
1196 1721 1335 1784 κατ’
1382 1722 1599 1791 οἴκους
1654 1720 1862 1791 ἐόντες
1916 1721 2269 1803 ὑφαίνουσι.
2346 1719 2505 1783 Ibid.
2561 1720 2812 1802 τρέφειν

354 1808 499 1879 τοὺς
542 1810 768 1880 τοκέας
810 1809 966 1873 τοισὶ
1008 1810 1129 1892 μὲν
1172 1809 1347 1874 παισὶ
1391 1810 1656 1892 οὐδεμία
1696 1810 1943 1893 ἀνάγκη
1990 1810 2081 1893 μὴ
2130 1812 2151 1892 (
2160 1809 2251 1891 μὴ
2301 1809 2446 1887 οὗΡ)
2491 1809 2808 1891 βουλομέ-

356 1918 538 1962 νοισι·
601 1905 737 1981 τῇσι
802 1898 873 1963 δὲ
918 1898 1266 1982 θυγατράσι
1319 1904 1491 1963 πᾶσα
1540 1899 1786 1981 ἀνάγκη
1843 1898 1950 1962 καὶ
1993 1899 2086 1982 μὴ
2132 1898 2574 1981 βουλομένῃσι.
2652 1896 2811 1961 Din-

356 1986 594 2051 dorfius
640 1987 861 2052 ἐκείνω
908 1993 971 2051 et
1014 1990 1492 2053 κατεικασθέντε
1527 1989 1836 2053 feminina
1869 1987 2071 2053 habet.
2150 1987 2243 2051 Cf.
2276 1988 2354 2050 ad
2393 1988 2581 2050 1113.
2621 1987 2808 2050 1674.

356 2076 433 2140 In
479 2075 779 2160 Nympho
827 2077 964 2141 dori
1019 2078 1159 2142 loco
1216 2078 1383 2162 apud
1439 2078 1631 2141 schol.
1687 2077 1800 2148 τὰς
1854 2077 1925 2141 δὲ
1972 2083 2272 2159 γυναῖκας
2316 2076 2552 2140 ἀνιέναι
2598 2076 2659 2157 (Ι.
2690 2099 2807 2139 κα-

351 2166 582 2245 θιέναι)
625 2166 736 2237 τὰς
779 2168 994 2249 τρίχας
1038 2168 1401 2249 προσέταξε.
1474 2192 1479 2197 ·

537 2257 681 2319 338.
728 2254 1238 2339 κατεικασθέντε]
1297 2255 1384 2320 Cf.
1431 2254 1656 2339 Eupol.
1706 2257 1853 2319 345.
1902 2256 2073 2339 (ἤδη)
2119 2255 2596 2330 κατεικάζουσιν
2642 2256 2815 2338 ἡμᾶς

356 2343 563 2426 ἰσχάδι
604 2343 613 2426 Ι
652 2344 877 2428 βολβοῦ
936 2369 1015 2408 τε.
1082 2346 1315 2409 Gratia.
1364 2346 1466 2409 63.
1644 2346 1790 2428 βίου
1855 2344 2129 2429 τροφάς]
2205 2345 2298 2409 Of.
2347 2346 2496 2408 446.
2571 2343 2817 2427 τροφάς

357 2434 489 2516 ἔχω
532 2433 694 2516 βίου.

538 2541 681 2603 339.
729 2540 886 2604 κατὰ
934 2539 1184 2624 στέγας]
1234 2542 1325 2605 Cf.
1358 2541 1834 2605 1⁴31.282.1308.
1869 2540 1939 2605 Ο.
1961 2542 2032 2605 R.
2057 2543 2202 2605 927.
2250 2542 2457 2623 στέγαι
2503 2540 2623 2623 μὲν
2654 2540 2807 2603 αἵδε.

538 2629 683 2693 340.
730 2631 798 2694 αἶ
844 2669 926 2678 —
973 2630 1309 2715 σύννομοι]
1373 2631 1596 2697 Their
1658 2638 2023 2715 partners.
2103 2631 2194 2696 Of.
2244 2630 2337 2694 ΕΙ.
2388 2631 2534 2695 601.
2581 2630 2811 2695 Aesch.

357 2718 528 2785 Pers.
566 2721 708 2782 704.
755 2725 884 2784 τῶν
929 2721 1107 2803 ἐμῶν
1151 2722 1432 2804 λέκτρων
1479 2721 1695 2804 γεραιὰ
1745 2721 2026 2803 ξύννομ’,
2073 2720 2318 2803 εὐγενὲς
2366 2721 2563 2803 γύναι.
2623 2720 2813 2783 Arist.

356 2811 478 2873 Av.
528 2809 676 2872 209.
726 2811 873 2874 678.

540 2899 684 2960 341.
730 2898 803 2962 τὰ
852 2937 935 2945 -
982 2899 1275 2984 τροφεῖα]
1342 2900 1729 2964 Pabulum.
1819 2900 1943 2964 Pro
2007 2899 2120 2982 τὴν
2181 2900 2444 2984 τροφήν.
2523 2898 2611 2963 cf.
2661 2898 2812 2963 Eur.

356 2985 492 3050 Ion.
546 2988 733 3050 1493.
809 2986 1051 3053 Eodem
1098 3008 1293 3054 sensu
1338 2990 1690 3073 θρεπτήρια
1738 2991 1902 3053 infra
1953 2990 2139 3053 1263.
2187 2995 2251 3053 et
2292 2990 2578 3072 θρέπτρα
2623 2987 2815 3053 Hom.

356 3075 428 3139 ΙΙ.
476 3078 540 3158 4,
587 3076 733 3140 478.
810 3076 917 3142 Sic
961 3078 1267 3162 κόμιστρα
1314 3079 1465 3142 Eur.
1512 3078 1701 3143 Herc.
1749 3078 1816 3141 F.
1869 3079 2061 3141 1386.

540 3185 685 3246 342.
733 3183 940 3268 σφῷν]
990 3184 1129 3248 For
1173 3205 1321 3266 you
1370 3191 1529 3249 two.
1609 3186 1924 3251 Construe
1969 3205 2118 3249 cum
2162 3191 2395 3250 πονεῖν.

539 3274 685 3335 344.
732 3273 898 3356 τάμὰ
965 3274 1274 3357 δυστήνου
1338 3274 1541 3359 κακὰ]
1609 3273 1698 3338 Cf.
1756 3274 1868 3338 Ph.
1931 3275 2117 3337 1126.
2181 3273 2294 3338 τάν
2357 3272 2519 3356 ἐμὰν
2580 3274 2812 3356 μελέου

358 3361 619 3444 τροφάν.
664 3362 762 3425 Tr.
813 3363 956 3425 775.
1004 3363 1074 3427 τὸ
1120 3364 1234 3427 σὸν
1277 3365 1482 3447 μόνης
1531 3363 1803 3446 δώρημ’.
1851 3363 2000 3427 Eur.
2036 3363 2271 3428 Phoen.
2308 3365 2452 3427 390.
2500 3363 2813 3446 τλήμονος

359 3450 569 3533 φυγὰς
624 3452 798 3531 ἐμάς.
860 3453 1045 3515 1533.
1101 3454 1546 3536 μονομάτορος
1593 3454 1903 3535 ὀδυρμοῖς
1969 3454 2161 3536 ἐμοῖς.
2228 3452 2442 3537 Suppl.
2494 3454 2639 3516 931.
2705 3452 2815 3516 τὸν

359 3540 518 3621 ἐμὸν
561 3541 820 3624 μόχθον
866 3541 1106 3612 ἀθλίας.
1155 3540 1247 3604 ΕΙ.
1284 3543 1428 3605 367.
1474 3543 1656 3613 πόσις
1704 3541 1858 3624 ἐμὸς
1902 3549 2013 3625 τῆς
2058 3542 2301 3613 ἀθλίας.
2351 3542 2542 3606 Arist.
2589 3541 2682 3606 Pl.
2712 3543 2815 3604 33.

359 3629 467 3692 τὸν
514 3628 671 3711 ἐμὸν
714 3636 827 3694 τοῦ
871 3631 1294 3714 ταλαιπώρου.
1350 3630 1608 3696 Lucian.
1658 3631 1872 3696 Somn.
1920 3633 2023 3695 29.
2078 3629 2246 3714 τάμὰ
2293 3628 2467 3696 οὗτοι
2514 3633 2813 3695 σπαθῶσι

360 3723 471 3782 τοῦ
517 3719 1010 3803 κακοδαίμονος.

541 3809 687 3871 345.
734 3809 1205 3894 ὗπερπονεῒτον]
1254 3810 1343 3874 Cf.
1379 3812 1476 3892 Aj.
1516 3811 1700 3874 1310.
1748 3811 1922 3874 τοῦδ’
1969 3811 2535 3893 ὖπερπονουμένῳ.
2669 3809 2818 3880 νέας

360 3895 635 3980 τροφῆς]
684 3896 772 3962 Cf.
820 3898 919 3980 Aj.
971 3900 1115 3962 510.
1162 3900 1308 3970 νέας
1351 3906 1595 3984 τροφῆς
1641 3901 1982 3983 στερηθείς.
2029 3900 2180 3964 Eur.
2229 3900 2391 3964 Med.
2437 3902 2541 3964 48.
2589 3899 2698 3963 νέα
2731 3936 2815 3947 —-

361 3988 634 4068 φροντίς.
682 3993 747 4052 et
790 3988 868 4051 ad
918 3987 989 4052 Ο.
1023 3988 1089 4052 C.
1142 3989 1330 4052 1259.

542 4096 687 4159 348.
736 4095 1224 4180 γερονταγωγεῒ]
1274 4096 1365 4160 cf.
1412 4094 1510 4159 Fr.
1559 4097 1705 4160 434.
1755 4097 1948 4161 Arist.
1996 4097 2110 4181 Eq.
2149 4098 2335 4160 1099.
2383 4096 2533 4160 Eur.
2581 4096 2813 4160 Bacch.

368 4183 509 4245 193.
558 4184 766 4266 γέρων
811 4185 1073 4267 γέροντα
1118 4185 1597 4268 παιδαγωγήσω
1645 4188 1700 4249 α’
1749 4187 1895 4269 ἐγώ.
2040 4188 2176 4250 κατ’
2223 4186 2449 4268 ἀγρίαν
2495 4185 2674 4269 ὕλην]
2724 4184 2816 4247 Cf.

365 4269 435 4423 ἓὲ.
466 4270 959 4442 {1577—5300116
1004 4273 1125 4357 γὰρ
1172 4273 1280 4337 ὕπ’
1327 4275 1552 4357 ἀγρίαν
1582 4275 1740 4339 ὕλαν
1779 4280 1992 4359 (φοιτᾷ
2024 4275 2145 4358 γὰρ
2177 4275 2276 4339 ἀν’
2311 4313 2425 4349 —,
2472 4281 2584 4340 aut
2626 4281 2819 4358 φοιτᾷ

542 4451 687 4515 349.
734 4411 1065 4538 νῆιεπους]
1113 4453 1162 4517 1.
1211 4473 1268 4538 q.
1317 4453 1618 4540 ἀνήιιπος
1664 4454 1942 4534 (rheocr.
1986 4453 2098 4521 lv.
2149 4455 2292 4538 56.).
2479 4409 2486 4418 ’
