3463 5287
1212 409 1462 454 onnn‘us
1509 409 1810 456 oomnms
2613 388 2737 452 173

279 570 599 653 πυρωπὸν
646 571 719 633 ἐκ
767 568 915 640 Διὸς
959 570 1175 650 μολεῖν
1215 568 1225 650 Ι
1265 568 1594 651 κεραυνόν.
1646 567 1742 631 Fr.
1790 568 2026 632 Herod.
2074 567 2121 631 I.
2172 570 2272 630 54.
2319 568 2740 650 προλέγουσαι

282 659 575 743 Κροίσῳ,
626 662 704 742 ἢν
753 659 1153 741 στρατεύηται
1200 659 1299 721 ἐπὶ
1329 657 1618 739 Πέρσας,
1664 658 1948 740 μεγάλην
1994 657 2199 740 ἀρχήν
2243 681 2353 740 μιν
2398 658 2741 720 καταλῦσαι

280 750 381 831 (al.
440 748 844 829 καταλύσειν).
910 746 1024 812 IlI.
1084 747 1185 810 64.
1249 755 1342 830 τῷ
1408 748 1477 811 δὲ
1525 784 1607 792 -
1659 748 2001 830 ἐκέχρηστο
2051 783 2128 793 —-
2190 747 2258 810 ἐν
2312 746 2742 829 Ἀγβατάνοισι

278 838 658 920 τελευτήσειν
703 838 1163 920 (τελευτῆσαιΡ)
1207 838 1316 901 τὸν
1359 839 1515 921 βίον.
1564 837 1756 901 Arist.
1799 836 1986 922 Vesp.
2025 837 2166 900 160.
2215 837 2251 900 ὁ
2299 835 2420 920 γὰρ
2465 835 2621 906 θεὸς
2655 873 2736 882 -

281 929 665 1011 μοῦχρησαν
696 927 1051 1009 ἀποκλῆναι
1080 927 1230 989 τότε.
1272 929 1391 988 Av.
1430 927 1615 990 1074.
1647 927 2199 1008 ἐπαναγορεύεται,
2242 925 2250 1008 Ι
2291 929 2371 1008 ἢν
2402 926 2736 1008 ἀποκτείνῃ

278 1042 368 1088 τις
418 1018 602 1099 ὑμῶν
648 1015 967 1098 Διαγόραν
1012 1015 1119 1079 τὸν
1155 1014 1428 1098 Μήλιον,
1470 1015 1480 1097 Ι
1520 1015 1862 1099 λαμβάνειν
1907 1016 2222 1079 τάλαντον.

468 1126 566 1186 92.
615 1122 984 1207 οἰκήσοντα]
1036 1121 1123 1185 Cf.
1147 1123 1293 1185 626.
1341 1121 1604 1186 κοῦποτ’
1645 1122 1954 1187 Οἰδίπουν
1986 1124 2145 1204 ἐρεῖς
2186 1123 2196 1205 Ι
2237 1122 2490 1205 ἀχρεῖον
2536 1123 2739 1206 οἰκη-

278 1220 366 1296 τῆ
380 1236 472 1295 ρα
521 1213 826 1286 δέξασθαι
871 1213 1088 1276 τόπων
1129 1214 1138 1288 Ι
1178 1218 1306 1276 τῶν
1353 1212 1592 1275 ἐνθάδ’.

466 1304 567 1365 93.
614 1302 768 1384 ἄτην
817 1302 886 1365 δὲ
932 1308 1060 1371 τοῖς
1104 1303 1458 1384 πέμψασιν,
1508 1302 1579 1364 οἵ
1609 1300 1680 1383 μ’
1728 1301 2084 1385 ἀπήλασαν]
2143 1301 2230 1364 Cf.
2278 1301 2374 1364 El.
2426 1301 2569 1363 762.
2616 1305 2743 1370 τοῖς

283 1392 340 1455 δ’
393 1392 634 1454 ἰδοῦσιν
681 1391 822 1473 (leg.
869 1397 995 1461 τοῖς
1040 1396 1312 1472 παροῦσι
1362 1390 1470 1470 δ’),
1519 1392 1699 1472 οἵπερ
1746 1390 2011 1473 εἴδομεν.

470 1500 570 1561 94.
616 1497 816 1562 τῶνδε
866 1535 947 1544 -
994 1496 1263 1581 πένθος]
1332 1497 1422 1561 Cf.
1480 1496 1628 1559 Eur.
1684 1497 1823 1560 Ale.
1883 1499 2026 1560 380.
2101 1498 2342 1568 πένθος
2399 1536 2481 1544 —
2538 1499 2743 1581 τῆσδε.

376 1586 751 1671 παρηγγύα]
802 1587 889 1651 Cf.
922 1586 1073 1650 Eur.
1107 1586 1321 1671 Suppl.
1358 1588 1502 1659 700.
1548 1587 1944 1669 παρηγγύων
1984 1588 1991 1669 Ι
2033 1586 2382 1669 κελευσμὸν
2413 1588 2743 1671 ἀλλήλοισι.

471 1679 571 1740 95.
619 1676 766 1746 Διὸς
822 1675 1036 1760 σέλας]
1104 1676 1150 1739 Ι.
1200 1697 1250 1740 e.
1308 1677 1634 1758 ἀστραπήν
1689 1676 1976 1756 (fulgur).
2047 1675 2118 1737 V.
2165 1675 2576 1740 Herwerden.
2625 1677 2744 1741 Ex.

284 1768 442 1831 crit.
490 1786 544 1849 p.
595 1766 696 1829 30.
774 1764 1015 1828 Simssis
1080 1784 1302 1829 versus
1367 1772 1463 1829 est
1526 1766 1752 1828 Aesch.
1801 1765 1949 1829 Cho.
2001 1764 2146 1827 756.
2213 1769 2251 1848 ἢ
2310 1766 2379 1848 (1.
2427 1766 2510 1848 εἰ)
2564 1766 2747 1848 λιμὸς

286 1860 323 1939 ἢ
378 1856 534 1937 δίψη
581 1879 669 1925 τις
716 1851 874 1936 (δίψ’
920 1854 1187 1934 αὗτόνΡ)
1236 1857 1275 1936 ἢ
1323 1854 1621 1935 λιψουρία
1671 1854 2094 1936 (λειψουρίαΡ)
2136 1856 2146 1937 Ι
2186 1856 2325 1939 ἔχει.

473 1944 571 2006 96.
617 1945 737 2026 μέν
782 1943 918 2028 νυν]
988 1942 1076 2006 Cf.
1127 1942 1196 2006 O.
1232 1942 1301 2006 R.
1355 1945 1454 2006 31.
1519 1943 1616 2006 Tr.
1666 1944 1812 2005 441.
1879 1942 2027 2006 Eur.
2077 1943 2262 2029 Hipp.
2299 1946 2413 2007 -20.
2478 1946 2746 2008 τούτοισι

283 2036 411 2117 μέν
456 2057 571 2096 νυν
628 2034 706 2095 οὗ
753 2034 1006 2114 φθονῶ.
1071 2034 1256 2096 1338.
1312 2033 1462 2096 Eur.
1512 2032 1609 2095 El.
1660 2033 1846 2095 1237.
2026 2034 2212 2116 τήνδε
2266 2033 2377 2116 τὴν
2424 2034 2580 2098 ὁδὸν
2630 2033 2744 2116 -]

286 2124 379 2188 Cf.
430 2121 579 2185 Eur.
629 2122 763 2186 Alc.
814 2123 960 2185 613.
1008 2123 1300 2195 ἐξιοῦσαν
1347 2122 1612 2204 ὑστάτην
1659 2122 1830 2185 ὁδόν.
1877 2121 2029 2186 Her.
2081 2124 2182 2185 37.

474 2229 575 2293 97.
621 2229 841 2292 πιστὸν
906 2231 974 2303 ἐξ
1028 2230 1215 2311 ὑμῶν
1260 2229 1513 2313 πτερὸν]
1581 2228 1669 2292 Cf.
1725 2230 1910 2291 1540.
1977 2230 2199 2310 ἐπείγει
2264 2232 2385 2313 γάρ
2447 2256 2531 2314 με
2593 2232 2746 2295 τούκ

290 2321 455 2383 θεοῦ
510 2319 721 2399 παρόν
777 2318 1129 2400 (πτερόνΡ).
1189 2319 1410 2382 Aeseh.
1460 2318 1625 2401 Sept.
1676 2319 1821 2381 603.
1878 2324 2002 2400 φεῦ
2047 2325 2160 2382 τοῦ
2216 2321 2749 2393 ξυναλλάσσοντος

288 2409 613 2491 ὄρνιθος
676 2410 930 2490 βροτοῖς
970 2409 979 2489 Ι
1022 2407 1266 2471 δίκαιον
1339 2408 1542 2489 ἄνδρα
1607 2413 1762 2470 τοῖσι
1828 2407 2349 2491 δυσσεβεστέροις.
2417 2411 2562 2473 838.
2630 2414 2746 2494 Ag.

298 2499 443 2561 112.
499 2499 640 2560 157.
709 2498 932 2560 Aeseh.
993 2496 1091 2559 Fr.
1151 2500 1250 2560 95.
1316 2498 1546 2579 ὄρνιθα
1614 2497 1672 2559 δ’
1722 2498 1800 2560 οὗ
1846 2502 2016 2559 ποιῶ
2062 2521 2130 2560 σε
2194 2505 2302 2581 τῆς
2358 2501 2516 2582 ἐμῆς
2572 2500 2748 2563 ὁδοῦ.

287 2588 471 2671 Trag.
519 2586 728 2670 adesp.
779 2588 924 2649 275.
991 2588 1236 2670 εὔορνις
1299 2588 1471 2670 τύχη.
1654 2586 1905 2670 πτερὸν]
1957 2585 2203 2651 Omen.
2283 2588 2568 2653 Cf.‘Eur.
2615 2588 2749 2654 Ion.

293 2678 443 2741 377.
495 2675 574 2739 δι’
620 2678 874 2740 οἰωνῶν
919 2684 1184 2758 πτεροῖς.
1232 2677 1423 2761 Hipp.
1460 2677 1602 2740 760.
1652 2678 1844 2739 Arist.
1878 2676 1970 2740 Pl.
2006 2677 2105 2739 63.
2156 2678 2348 2760 δέχου
2394 2678 2502 2741 τὸν
2547 2679 2749 2760 ἄνδρα

291 2766 401 2831 καὶ
447 2766 555 2829 τὸν
601 2767 777 2847 ὄρνιν
822 2772 932 2829 τοῦ
980 2767 1156 2829 θεοῦ.
1215 2765 1458 2829 Gallim.
1508 2764 1652 2828 Lav.
1702 2765 1859 2828 Pali.
1914 2766 2055 2829 125.
2104 2774 2425 2847 γνωσεῖται
2475 2767 2533 2831 δ’
2580 2770 2749 2850 ὄρνι-

292 2859 420 2926 θας
467 2857 540 2925 ὃς
586 2857 785 2925 αἴσιος
830 2856 902 2919 οἵ
936 2878 998 2918 τε
1028 2856 1312 2919 πέτονται
1353 2855 1363 2937 Ι
1404 2857 1593 2937 ἤλιθα
1626 2855 1735 2918 καὶ
1775 2855 1980 2918 ποίων
2013 2855 2134 2918 οὐκ
2166 2856 2406 2938 ἀγαθαὶ
2435 2859 2751 2940 πτέρυγες.

477 2962 560 3025 99
594 2982 685 3044 sq.
752 2959 839 3024 Of.
888 2964 1035 3025 471.
1100 2963 1326 3026 Aeseh.
1383 2962 1565 3025 Eum.
1620 2964 1763 3026 107.
1828 2962 1984 3026 Plat.
2047 2962 2206 3026 Phil.
2257 2965 2338 3026 61
2377 2966 2444 3028 Β.
2509 2966 2754 3047 μέλιτος

294 3053 414 3134 μὲν
461 3054 542 3114 ἂν
588 3051 917 3125 ἀπεικάζοι
972 3076 1061 3122 τις
1116 3052 1227 3134 τὴν
1280 3058 1389 3134 τῆς
1436 3053 1673 3135 ἡδονῆς
1719 3052 2032 3134 (κρήνην),
2078 3052 2191 3134 τὴν
2239 3054 2309 3117 δὲ
2354 3060 2463 3137 τῆς
2509 3056 2751 3137 φρονή-

297 3165 462 3211 σεως
507 3141 897 3223 νηφαντικὴν
950 3141 1058 3204 καὶ
1103 3142 1320 3204 ἄοινον
1374 3141 1691 3223 αὐστηροῦ
1739 3141 1846 3203 καὶ
1890 3142 2163 3222 ὑγιεινοῦ
2209 3167 2373 3213 τινος
2421 3144 2664 3214 ὕδατος.

480 3232 581 3292 99.
629 3227 1167 3312 πρώταισιν ὗμῖν
1217 3229 1332 3313 --]
1392 3229 1480 3292 Of.
1530 3230 1675 3292 466.
1724 3229 1926 3292 τῶνδε
1974 3231 2316 3312 δαιμόνων,
2372 3234 2473 3315 ἐφ’
2520 3235 2595 3303 ἃς
2635 3239 2642 3313 Ι
2684 3233 2754 3296 τὸ

300 3326 561 3401 πρῶτον
606 3319 750 3381 ἵκου
783 3315 1063 3399 (πρώτας
1094 3320 1415 3402 ἀφίκουΡ).
1553 3318 1915 3403 ἀντέκυρσ’]
1965 3320 2530 3400 Encountered,
2579 3327 2754 3402 met,

298 3412 489 3474 have
535 3427 742 3471 come
791 3409 869 3470 in
916 3414 1225 3472 contact
1272 3410 1465 3472 with.
1515 3409 1609 3472 Gl.
1644 3411 1719 3470 A.
1769 3409 2073 3491 ἐνέτυχον.
2146 3411 2234 3473 Cf.
2263 3410 2447 3473 1680.
2470 3411 2581 3474 Ph.
2608 3412 2753 3472 545.

486 3517 627 3580 100.
676 3516 941 3596 ἀοίνοις]
990 3514 1079 3579 Cf.
1114 3518 1341 3580 Aesch.
1378 3517 1558 3579 Eum.
1600 3516 1740 3577 106.
1789 3514 1827 3598 ἦ
1874 3516 2074 3578 πολλὰ
2121 3518 2241 3598 μὲν
2278 3517 2356 3601 δὴ
2405 3523 2533 3581 τῶν
2579 3520 2756 3601 ἐμῶν

301 3608 566 3680 ἐλείξατε
606 3606 615 3686 Ι
656 3607 815 3688 χοάς
858 3605 909 3667 τ’
957 3606 1238 3678 ἀοίνους,
1286 3607 1559 3688 νηφάλια
1605 3605 2002 3687 μειλίγματα,
2054 3642 2125 3651 --
2151 3656 2163 3668 .
2322 3607 2477 3670 κάπὶ
2523 3608 2757 3690 σεμνὸν

302 3696 542 3778 ἑζόμην
590 3695 708 3779 —]
774 3693 862 3758 Of.
920 3697 1067 3758 Ant.
1134 3697 1316 3758 1000.
1391 3697 1476 3764 εἰς
1547 3694 1817 3756 παλαιὸν
1881 3695 2091 3757 θᾶκον
2149 3733 2228 3740 -
2286 3696 2458 3769 ἵζων.
2531 3698 2755 3760 Aeseh.

306 3784 486 3847 Eum.
536 3785 639 3847 29.
686 3785 750 3854 ές
796 3784 1077 3865 θρόνους
1122 3785 1472 3858 καθιζάνω.
1532 3784 1738 3846 Prom.
1774 3785 1919 3844 236.
1965 3782 2073 3846 τὸν
2119 3794 2418 3866 πατρῷον
2465 3787 2550 3856 εἰς
2595 3787 2755 3868 θρό-

305 3897 416 3936 νον
456 3873 465 3956 Ι
505 3873 811 3946 καθέζετ’.
860 3872 1010 3935 Eur.
1042 3875 1176 3936 Ion.
1216 3875 1400 3936 1623.
1449 3874 1534 3942 εἰς
1580 3873 1862 3953 θρόνους
1910 3871 1968 3933 δ’
2015 3874 2155 3946 ἵζου
2193 3875 2518 3945 παλαιούς.
2571 3876 2756 3938 Arist.

305 3962 462 4026 Rau.
518 3964 703 4026 1522.
748 3962 1055 4044 μηδέποτ’
1104 3963 1189 4032 εἷς
1242 3962 1349 4026 τὸν
1396 3964 1608 4025 θᾶκον
1660 3961 1769 4024 τὸν
1816 3960 1972 4043 ἐμὸν
2014 3963 2021 4044 Ι
2061 3962 2215 4045 μηδ’
2262 3964 2443 4027 ἄκων
2489 3966 2756 4045 ἐγκαθε-

308 4053 510 4115 δεῖται.
559 4050 794 4114 Herod.
844 4050 890 4113 Ι.
946 4052 1086 4114 199.
1151 4052 1449 4135 ἱζομένην
1505 4053 1568 4121 ἐς
1623 4050 1762 4133 ἱρὸν
1800 4051 2189 4134 Ἀφροδίτης.
2257 4052 2370 4116 III.
2411 4055 2550 4116 140.
2597 4055 2758 4128 ἵζετο

309 4142 374 4210 ἐς
418 4141 488 4203 τὰ
536 4140 857 4223 πρόθυρα.
922 4138 1031 4203 IV.
1085 4142 1226 4204 148.
1291 4142 1498 4215 ἵζοντο
1564 4142 1628 4211 ἐς
1682 4140 1753 4203 τὸ
1805 4139 2132 4222 Τηΰγετον.
2197 4142 2497 4206 Aeschin.
2549 4145 2605 4223 9,
2660 4144 2757 4205 14.

309 4231 553 4304 καθίζει
610 4229 711 4292 ἐπὶ
764 4229 872 4293 τὸν
925 4230 1157 4311 βωμὸν
1211 4237 1320 4312 τῆς
1372 4230 1614 4313 μητρὸς
1659 4235 1788 4292 τῶν
1834 4230 2026 4292 θεῶν.
2076 4229 2220 4312 LyS.
2275 4233 2416 4311 132,
2467 4234 2525 4293 4.
2572 4232 2757 4295 καθί-

294 4320 522 4394 ,ζουσιν
569 4318 670 4381 ἐπὶ
713 4318 820 4382 τὸν
865 4320 1098 4402 βωμὸν
1142 4319 1596 4401 ᾹΙουνυχίασιν.
1645 4319 1802 4382 Plat.
1851 4317 2081 4382 Phaed.
2132 4321 2214 4382 60
2249 4319 2318 4382 Β.
2372 4321 2758 4394 ἀνακαθιζό-

310 4431 498 4488 μενος
545 4407 648 4471 ἐπὶ
691 4408 803 4491 τὴν
848 4409 1080 4491 κλίνην.
1128 4407 1310 4491 Diog.
1358 4407 1425 4471 L.
1473 4407 1520 4471 Ι.
1572 4410 1670 4471 51.
1718 4408 1992 4479 καθίσας
2039 4410 2124 4479 εἷς
2169 4409 2277 4474 τὸν
2323 4409 2582 4492 θρόνον.

492 4498 634 4560 101.
681 4497 1106 4582 ἀσκέπαρνον]
1157 4498 1251 4560 Gl.
1299 4500 1376 4561 A.
1423 4499 1697 4571 ἀξεστον.
