3463 5287
1401 421 1652 471 nmmos
1696 423 1820 470 nux
2710 399 2839 469 395

387 584 574 650 Herc.
611 585 754 648 508.
789 584 977 666 ὁρᾶτέ
1005 581 1094 665 μ’,
1135 585 1334 667 ὅσπερ
1365 583 1443 667 ἦν
1473 584 1881 667 περίβλεπτος
1909 587 2187 667 βροτοῖς,
2223 580 2237 668 Ι
2279 581 2603 664 ὀνομαστὰ
2634 581 2838 666 πράσ-

388 696 541 747 σων,
588 674 701 738 καί
739 672 809 756 μ’
857 674 1139 756 ἀφείλεθ’
1186 676 1225 756 ἡ
1273 674 1428 757 τύχη
1461 682 1574 736 ’-.
1653 674 1990 738 Manifesta
2034 675 2297 738 imitatio
2346 673 2688 757 Sophoclis.

571 764 758 826 1526.
807 761 894 825 Cf.
928 765 1074 827 420.
1115 762 1185 827 Ο.
1220 762 1285 828 C.
1327 764 1511 826 1133.
1558 760 1618 846 ᾧ
1663 765 1750 834 τίς
1796 763 1917 827 οὐκ
1963 764 2052 826 ἔνι
2092 762 2102 846 Ι
2141 763 2319 846 κηλὶς
2362 767 2588 827 κακῶν
2634 763 2840 837 ξύνοι·

387 877 536 928 κος,·
589 854 775 915 1231.
822 853 910 923 τίς
956 854 1034 916 οὐ
1080 853 1389 934 καμάτων
1434 854 1555 928 ἔνι,·
1603 852 1695 915 ΕΙ.
1750 854 1891 916 169.
1948 853 2171 917 Aesch.
2220 851 2389 917 Pers.
2440 853 2584 917 301.
2632 853 2717 923 τίς
2763 853 2842 916 οὐ

387 943 686 1025 τέθνηκε,·
751 943 900 1006 Eur.
953 942 1185 1006 Phoen.
1234 943 1380 1006 892.
1445 942 1630 1023 κάγὼ
1675 941 1784 1005 τίν’
1832 943 1909 1006 οὐ
1958 942 2151 1024 δρῶν,
2206 947 2357 1006 ποῖα
2407 940 2465 1006 δ’
2514 942 2592 1006 οὐ
2639 942 2843 1022 λέγων

388 1034 537 1115 ἔπη,
581 1030 591 1113 Ι
630 1032 717 1102 εἷς
762 1033 957 1114 ἔχθος
1003 1030 1207 1114 ἦλθον
1239 1055 1357 1106 —-·,·
1421 1032 1618 1095 Andr.
1671 1032 1727 1094 6.
1794 1031 2073 1114 ζηλωτὸς
2119 1032 2187 1094 ἔν
2241 1055 2310 1113 γε
2363 1038 2457 1114 τῷ
2508 1030 2657 1113 πρὶν
2702 1030 2841 1095 Ἀν-

391 1120 688 1204 δρομάχη
752 1120 999 1203 χρόνῳ,
1050 1121 1059 1206 Ι
1111 1126 1224 1185 νῦν
1290 1120 1367 1194 δ’,
1433 1123 1498 1184 εἴ
1539 1146 1627 1191 τις
1672 1121 1857 1204 ἄλλη,
1929 1120 2382 1203 δυστυχεστάτη
2449 1122 2624 1204 γυνή.
2694 1120 2842 1184 300.

387 1209 497 1274 τίν’
563 1211 684 1274 οὐκ
749 1210 988 1293 ἐπῆλθε
1003 1234 1025 1286 ,·
1096 1215 1283 1274 ποῖον
1347 1211 1468 1274 οὐκ
1533 1211 1803 1275 ἐλίσσετο
1850 1234 1968 1286 -,·
2038 1210 2225 1273 1130.
2289 1211 2376 1281 τίς
2439 1210 2518 1274 οὐ
2581 1210 2844 1292 σίδηρον

389 1301 769 1382 προσφέρει,·
833 1300 918 1370 τίς
984 1301 1061 1364 οὐ
1107 1301 1338 1381 πέτρον
1384 1324 1504 1376 —,·
1568 1302 1716 1364 401.
1772 1300 1859 1370 τίς
1906 1299 2028 1382 γάρ
2083 1324 2153 1364 σε
2197 1302 2405 1383 κῆρυξ
2451 1335 2534 1345 —
2583 1299 2845 1382 ἀμύνειν

391 1389 511 1453 οὐκ
560 1390 921 1472 ἐπέσκηψεν
966 1390 1176 1465 πόλει,·
1245 1390 1475 1454 Achae.
1527 1391 1628 1472 26,
1683 1392 1735 1453 l.
1800 1390 1858 1452 τί
1895 1389 1967 1471 μ’
2015 1389 2092 1453 οὐ
2147 1389 2429 1471 λέγοντες
2475 1413 2593 1465 --,·
2647 1388 2842 1452 Arist.

392 1478 485 1542 Pl.
537 1478 682 1541 786.
746 1478 858 1561 ἐμὲ
924 1478 1044 1562 γὰρ
1107 1480 1193 1549 τίς
1240 1479 1317 1543 οὐ
1364 1484 1666 1560 προσεῖπε
1679 1503 1699 1554 ,·
1763 1484 1947 1549 ποῖος
1993 1479 2113 1542 οὐκ
2160 1479 2349 1562 ὄχλος
2390 1478 2399 1560 Ι
2438 1478 2841 1561 περιεστεφά-

391 1591 595 1633 νωσεν
643 1592 759 1642 -,·
819 1568 1077 1632 Theocr.
1127 1567 1206 1632 ΙΙ.
1256 1570 1358 1632 89.
1424 1570 1488 1639 ἐς
1531 1569 1694 1639 τίνος
1741 1569 1861 1632 οὐκ
1908 1568 2212 1650 ἐπέρασα,
2254 1567 2264 1650 Ι
2314 1570 2354 1651 ἢ
2400 1568 2586 1638 ποίας
2632 1568 2845 1632 ἔλιπον

391 1658 614 1740 γραίας
678 1657 884 1739 δόμον
946 1658 1078 1728 ἅτις
1141 1658 1405 1739 ἐπᾷδεν,·
1469 1656 1649 1721 Dem.
1699 1657 1778 1720 do
1826 1655 1960 1722 Cor.
2009 1676 2065 1741 p.
2115 1657 2261 1720 241.
2326 1658 2385 1720 τί
2440 1655 2647 1721 κακὸν
2703 1656 2846 1739 οὐχὶ

388 1746 800 1829 πασχόντων,·
853 1767 909 1830 p.
964 1748 1151 1810 1152.
1209 1748 1338 1811 τίνα
1387 1748 1465 1811 οὐ
1511 1746 2098 1828 προσπε,ιιπόντων,·
2266 1744 2472 1830 ζήλῳ]
2520 1745 2844 1810 Invidia.

394 1835 480 1899 Cf.
517 1836 662 1900 380.
710 1844 804 1918 τῷ
832 1836 1175 1919 πολυζήλῳ
1219 1837 1359 1919 βίῳ.
1413 1837 1507 1918 Aj.
1544 1836 1687 1898 503.
1739 1836 1876 1906 οἵας
1920 1836 2203 1917 λατρείας
2248 1835 2397 1899 ἄνθ’
2444 1835 2601 1900 ὅσου
2650 1836 2844 1918 ζήλου

392 1926 653 2007 τρέφεις.
713 1926 862 1990 Ant.
907 1926 1094 1989 1161.
1143 1923 1375 2007 Κρέων
1422 1925 1543 2008 γὰρ
1591 1924 1668 2008 ἦν
1716 1924 1998 2008 ζηλωτὸς
2043 1925 2137 1995 ὡς
2183 1925 2330 2006 ἐμοί
2369 1925 2430 2008 (f.
2476 1925 2571 1996 ὡς
2616 1925 2844 2008 οὐδείς)

393 2016 558 2078 ποτέ.
621 2014 895 2098 Theogn.
944 2017 1090 2077 455.
1155 2015 1409 2085 πολλοῖς
1477 2017 1558 2078 ἂν
1624 2013 1906 2097 ζηλωτὸς
1969 2014 2226 2096 ἐφαίνεο
2289 2013 2490 2078 τῶνδε
2551 2013 2844 2078 πολιτῶν.

396 2102 636 2168 Carcin.
685 2103 784 2168 Fr.
823 2105 921 2182 10,
956 2106 1010 2166 2.
1059 2105 1331 2174 πλοῦτος
1366 2140 1445 2148 -
1477 2105 1771 2186 μέγιστον
1818 2104 2010 2186 ζῆλον
2055 2104 2122 2166 ἐν
2166 2105 2419 2186 βροτοῖς
2465 2105 2605 2186 ἔχει.
2654 2103 2844 2167 Arist.

395 2191 535 2257 Pac.
591 2194 776 2257 1038.
843 2192 984 2276 οὐχὶ
1045 2193 1137 2276 μὴ
1202 2194 1416 2275 παύσῃ
1480 2196 1619 2256 ποτ’
1685 2196 1781 2256 ὢν
1829 2191 2109 2277 ζηλωτὸς
2154 2194 2404 2256 ἅπασιν.
2461 2192 2647 2277 Vesp.
2697 2193 2842 2255 451.

391 2281 650 2366 ἐξέδειρ’
700 2281 770 2346 εὖ
816 2283 1179 2364 κάνδρικῶς
1211 2283 1350 2364 (σε),
1391 2282 1401 2363 Ι
1443 2283 1603 2348 ὥστε
1650 2307 1719 2348 σε
1768 2282 2052 2366 ζηλωτὸν
2083 2280 2253 2346 εἶναι.
2302 2281 2450 2345 Eur.
2498 2281 2648 2346 Her.
2698 2281 2844 2345 866.

389 2372 497 2436 τὸν
527 2372 803 2454 εὐτυχεῖν
836 2372 1148 2436 δοκοῦντα
1188 2372 1278 2455 μὴ
1315 2374 1563 2455 ζηλοῦν.
1611 2373 1835 2437 Aesch.
1857 2373 2028 2437 Pers.
2054 2372 2198 2436 710.
2247 2371 2319 2442 ὅς
2356 2368 2431 2453 γ’,
2464 2372 2588 2442 ἕως
2634 2371 2844 2435 ἔλευσ-

390 2485 493 2531 σες
539 2460 740 2542 αὐγὰς
771 2461 966 2544 ἡλίου,
1014 2461 1300 2544 ζηλωτὰς
1330 2465 1426 2525 ὢν
1466 2463 1476 2542 Ι
1513 2463 1726 2544 βίοτον
1764 2463 2038 2526 εὐαίωνα
2073 2499 2155 2509 -
2191 2461 2497 2544 διήγαγες.
2546 2462 2665 2544 Ag.
2701 2461 2845 2524 939.

391 2550 429 2613 ὁ
477 2550 535 2613 δ’
584 2550 978 2634 ἀφθόνητός,
1036 2550 1093 2633 γ’
1142 2552 1262 2615 οὐκ
1310 2551 1600 2634 ἐπίζηλος
1662 2551 1847 2615 πέλει.
1985 2551 2344 2636 ἐπέβλεπεν]
2410 2549 2845 2633 Invidebat,

391 2638 662 2724 Anglice
709 2640 1001 2705 envied.
1081 2639 1171 2705 Cf.
1220 2638 1370 2704 Eur.
1417 2639 1603 2705 Herc.
1655 2641 1799 2705 508.
1875 2640 2063 2723 ὁρᾶτέ
2122 2642 2210 2722 μ’,
2276 2639 2473 2723 ὅσπερ
2538 2638 2618 2723 ἦν
2671 2641 2843 2722 περί-

389 2730 655 2812 βλεπτος
715 2733 968 2813 βροτοῖς
1016 2730 1025 2813 Ι
1068 2729 1389 2812 ὀνομαστὰ
1453 2732 1780 2813 πράσσων,
1845 2733 1956 2795 καί
2004 2729 2075 2813 μ’
2130 2729 2413 2812 ἀφείλεθ’
2468 2731 2507 2813 ἡ
2556 2730 2710 2812 τύχη
2762 2766 2845 2776 -

576 2909 761 2972 1527.
807 2909 1106 2974 κλύδωνα
1157 2909 1275 2994 -]
1334 2909 1426 2974 Of.
1476 2909 1701 2974 Aesch.
1750 2910 1921 2973 Pers·
1973 2909 2118 2973 605.
2175 2908 2325 2972 ὅταν
2379 2908 2636 2975 κλύδων
2676 2907 2686 2991 Ι
2726 2931 2843 2972 κα-

391 3002 530 3062 κῶν
575 2998 831 3081 ἐπέλθῃ.
896 2997 1105 3062 Prom.
1154 3000 1300 3063 886.
1366 3005 1631 3082 στυγνῆς
1693 2998 1858 3079 πρὸς
1920 2999 2196 3079 κύμασιν
2241 2998 2407 3081 ἄτης.
2470 2998 2656 3062 1017.
2714 2997 2847 3068 οἷός

393 3111 460 3151 σε
514 3087 758 3170 χειμὼν
813 3088 919 3151 καὶ
973 3093 1199 3152 κακῶν
1253 3090 1544 3169 τρικυμία
1587 3089 1597 3172 Ι
1637 3085 1840 3151 ἔπαισ’
1887 3088 2187 3169 ἄφυκτος.
2246 3090 2365 3171 Ag.
2416 3086 2561 3151 636.
2611 3086 2844 3150 δυσκύ-

390 3200 593 3258 μαντα
643 3213 726 3223 -—·
775 3178 965 3241 κακά.
1030 3177 1195 3261 Sept„
1246 3178 1347 3240 64.
1414 3176 1565 3241 Eur.
1612 3177 1803 3262 Hipp.
1853 3178 1999 3240 822.
2064 3176 2218 3258 μηδ’
2266 3176 2607 3257 ἐκπερᾶσαι
2670 3181 2845 3257 κῦμα

391 3266 578 3350 τῆσδε
610 3271 967 3349 συμφορᾶς.
1017 3266 1253 3331 Phoen.
1288 3267 1433 3330 873.
1483 3268 1550 3331 ἐν
1597 3265 1717 3348 γὰρ
1765 3266 2045 3330 κλύδωνι
2090 3265 2354 3347 κείμεθ’,
2402 3265 2621 3346 ῶσπερ
2655 3262 2846 3328 οἶσθα

392 3355 495 3429 σὺ,
537 3357 546 3438 Ι
590 3356 785 3437 δορὸς
831 3355 1182 3419 Δαναϊδῶν.
1240 3355 1454 3440 Suppl.
1504 3357 1650 3419 474.
1706 3354 1905 3425 πολὺς
1959 3355 2217 3418 κλύδων
2263 3391 2344 3399 -
2396 3353 2604 3436 δορός.
2660 3353 2846 3418 Herc.

398 3445 583 3510 1088.
632 3443 692 3509 ὦ
725 3444 879 3517 Ζεῦ,
925 3446 985 3508 τί
1023 3445 1199 3508 παῖδ’
1251 3446 1545 3529 ἤχθηρας
1578 3484 1659 3492 -—-
1692 3449 1918 3508 κακῶν
1967 3444 2036 3509 δὲ
2080 3445 2353 3525 πέλαγος
2400 3445 2463 3514 ἐς
2507 3442 2640 3507 τόδ’
2688 3445 2845 3526 ἤγα-

393 3558 526 3616 γες,·
591 3533 725 3599 Ion.
774 3534 920 3597 927.
986 3538 1212 3598 κακῶν
1274 3535 1430 3616 κῦμ’
1495 3534 1896 3608 ὑπεξαντλῶν
1942 3534 2140 3616 φρενί.
2207 3532 2369 3597 Med.
2420 3533 2565 3596 363.
2621 3533 2715 3604 ῶς
2762 3533 2847 3603 εἷς

391 3624 640 3707 ἄπορόν
685 3647 755 3687 σε
800 3623 1100 3687 κλύδωνα
1147 3622 1327 3698 θεὸς,
1370 3625 1379 3707 Ι
1419 3623 1705 3707 Μήδεια,
1763 3628 1989 3687 κακῶν
2034 3622 2393 3705 ἐπόρευσεν.
2441 3621 2607 3687 Plut.
2656 3623 2846 3707 AgOS.

395 3713 495 3775 31.
551 3713 851 3777 κλύδωνα
915 3713 1218 3795 πολέμου.
1285 3712 1436 3778 Hor.
1484 3712 1598 3797 Ep.
1645 3713 1693 3777 I.
1744 3715 1801 3775 2.
1867 3712 2178 3777 ‘adversis
2242 3732 2457 3778 rerum
2520 3714 2847 3776 immersa·

389 3800 538 3865 bilis
583 3801 813 3866 undis?
1363 3828 1368 3832 ·

576 3891 746 3954 1528
777 3911 869 3974 sq.
918 3889 1005 3955 Of.
1051 3891 1148 3955 Tr.
1203 3892 1254 3954 1.
1306 3893 1433 3956 943
1466 3911 1557 3975 sq.
1608 3890 1678 3955 Ο.
1712 3891 1780 3956 G.
1830 3892 1954 3955 567
1991 3911 2083 3975 sq.
2130 3892 2228 3956 Fr.
2265 3892 2409 3955 512.
2455 3892 2657 3975 μήπω
2702 3892 2844 3975 μέγ’

394 3980 571 4061 εἴπῃς
615 3979 763 4061 πρὶν
806 3980 1226 4063 τελευτήσαντ’
1273 3981 1428 4064 ἴδῃς.
1477 3982 1702 4045 Aesch.
1737 3982 1854 4065 Ag.
1889 3981 2036 4045 937.
2085 3981 2326 4064 ὀλβίσαι
2376 3980 2443 4045 δὲ
2490 3981 2612 4066 χρὴ
2656 3981 2666 4060 Ι
2705 3981 2847 4063 βίον

391 4068 809 4151 τελευτήσαντ’
856 4071 923 4133 ἐν
970 4071 1215 4134 εὐεστοῖ
1251 4071 1419 4154 φίλῃ.
1466 4071 1616 4134 Eur.
1664 4069 1816 4135 Her.
1850 4071 1997 4134 863.
2044 4076 2119 4153 τῇ
2167 4070 2237 4134 δὲ
2284 4074 2397 4133 νῦν
2440 4071 2596 4152 τύχῃ
2638 4069 2649 4151 Ι
2686 4071 2843 4152 βρο-

390 4162 518 4229 τοῖς
580 4158 775 4223 ἅπασι
840 4159 1101 4241 λαμπρὰ
1149 4161 1447 4242 κηρύσσει
1509 4160 1763 4242 μαθεῖν,
1805 4160 1813 4240 Ι
1862 4159 1969 4223 τὸν
2033 4160 2309 4241 εὐτυχεῖν
2373 4159 2685 4222 δοκοῦντα
2749 4158 2841 4241 μὴ

390 4248 624 4330 ζηλοῦν
669 4248 817 4329 πρὶν
863 4251 942 4312 ἂν
983 4250 990 4332 Ι
1032 4248 1289 4313 θανόντ’
1337 4249 1440 4332 ἴδῃ
1487 4273 1601 4321 τις,
1648 4249 1744 4319 ὡς
1789 4250 2099 4330 ἐφήμεροι
2144 4248 2339 4329 τύχαι.
2387 4247 2520 4331 Iph.
2570 4248 2646 4310 A.
2699 4248 2843 4310 159.

387 4338 647 4421 θνητῶν
712 4338 769 4401 δ’
835 4338 1050 4420 ὄλβιος
1114 4340 1200 4409 εἰς
1261 4338 1434 4409 τέλος
1498 4338 1721 4408 οὐδείς.
1790 4337 1976 4401 Herc.
2032 4336 2172 4399 103.
2230 4337 2302 4401 οἵ
2342 4335 2394 4399 τ’
2440 4336 2844 4418 εὐτυχοῦντες

391 4426 495 4489 διὰ
540 4427 756 4498 τέλους
804 4428 926 4491 οὐκ
973 4428 1262 4510 εὐτυχεῖς.
1310 4428 1508 4492 Andr.
1561 4427 1704 4491 100.
1752 4426 1890 4491 Tro.
1941 4425 2084 4490 513.
2133 4424 2348 4511 Suppl.
2384 4426 2529 4489 270.
2578 4423 2841 4508 Dionys.

387 4520 541 4601 trag.
575 4515 672 4580 Fr.
708 4517 765 4580 3.
811 4517 1070 4602 θνητῶν
1108 4517 1177 4581 δὲ
1207 4517 1430 4602 μηδεὶς
1458 4516 1681 4603 μηδέν’
1729 4515 1945 4599 ὀλβιόν
1989 4539 2141 4580 ποτε
2182 4514 2191 4599 Ι
2229 4516 2412 4599 κρίνῃ
2454 4514 2602 4598 πρὶν
2649 4515 2841 4581 αὐτὸν
