3463 5287
1312 375 1565 420 campus
1611 376 1914 421 comatus
2714 360 2840 423 199

567 535 711 596 573.
757 532 828 596 τὸ
892 532 1135 617 λοιπὸν]
1210 533 1551 598 Posthac.
1641 534 1735 599 Cf.
1793 536 1888 600 ΕΙ.
1945 538 2093 600 457.
2168 536 2265 600 Tr.
2329 536 2472 600 168.
2537 539 2637 620 Aj.
2697 537 2843 601 666.

390 622 498 685 Ph.
547 624 695 685 454.
744 623 890 685 460.
939 621 1011 686 Ο.
1044 622 1115 686 Β.
1166 624 1310 686 795.
1364 625 1550 686 1273.
1598 626 1748 688 Ant.
1798 627 1944 689 311.
1995 627 2140 688 717.

567 712 712 775 574.
761 711 1083 795 διοίχεται]
1132 710 1222 774 Cf.
1256 711 1405 776 Eur.
1437 711 1538 776 Fr.
1576 714 1767 795 1063,
1804 716 1901 778 16.
1950 715 2113 797 ἀνήρ
2157 715 2210 777 τ’
2253 716 2506 798 ἀχρεῖος
2549 717 2632 799 χή
2683 716 2839 799 γυνὴ

390 801 695 884 διοίχεται.
753 801 981 864 Aesch.
1029 801 1128 864 Fr.
1183 802 1326 883 138,
1374 803 1431 864 2.
1489 802 1868 884 ἀποίμωξόν
1910 828 1994 886 με
2027 840 2107 849 -
2140 804 2309 885 τάμὰ
2358 804 2479 886 γὰρ
2528 804 2839 888 διοίχεται.

566 891 711 955 577.
758 889 1133 975 σπουδαῖον]
1200 890 1517 973 Worthy
1580 893 1655 955 of
1717 893 2129 971 attention,
2194 892 2601 958 desirable.
2757 895 2843 966 εἷς

388 978 561 1064 ὄψιν]
609 979 696 1042 In
741 998 1230 1064 appearance.
1306 980 1472 1045 Fert.
1519 982 1789 1062 εἰσορᾶν.

565 1069 711 1131 580.
757 1077 851 1152 τῷ
894 1069 1157 1150 παρόντι
1209 1068 1346 1154 νῦν]
1414 1069 1501 1133 Cf.
1549 1069 1643 1133 ΕΙ.
1696 1072 1884 1134 1293.
1947 1079 2042 1153 τῷ
2103 1071 2367 1152 παρόντι
2429 1077 2544 1136 νῦν
2604 1072 2840 1155 χρόνῳ.

386 1158 483 1221 ffi.
537 1159 723 1221 1169.
786 1158 1007 1241 χρόνῳ
1069 1166 1162 1241 τῷ
1224 1160 1410 1233 ζῶντι
1463 1159 1571 1222 καὶ
1614 1160 1879 1241 παρόντι
1925 1165 2055 1223 νῦν.
2119 1159 2213 1223 ΕΙ.
2266 1162 2452 1223 1255.
2500 1161 2539 1225 ό
2587 1198 2669 1207 —
2716 1185 2840 1224 πα-

387 1247 525 1328 ρὼν
574 1284 654 1294 -
703 1247 951 1330 χρόνος.

565 1338 710 1400 583.
755 1336 830 1400 τὰ
877 1337 1104 1401 λοίσθι’
1149 1338 1307 1401 αἰτεῖ
1341 1342 1452 1401 τοῦ
1497 1337 1673 1421 βίου]
1739 1338 1906 1402 You
1954 1338 2083 1402 ask
2129 1340 2247 1402 for
2308 1338 2431 1403 the
2496 1337 2644 1403 last
2697 1342 2843 1418 (re-

388 1426 892 1510 quirements)
938 1426 1019 1490 of
1058 1426 1208 1490 life.
1286 1426 1375 1491 Cf.
1424 1426 1495 1490 Ο.
1528 1426 1598 1489 R.
1649 1428 1836 1491 1487.
1882 1429 1956 1491 τὰ
2003 1428 2190 1492 λοιπὰ
2235 1433 2348 1491 τοῦ
2393 1434 2630 1510 πικροῦ
2675 1430 2841 1512 βίου.

471 1514 544 1579 τὰ
594 1515 653 1578 δ’
700 1518 771 1579 ἐν
813 1514 1027 1598 μέσῳ]
1094 1515 1243 1580 But
1304 1535 1382 1579 as
1451 1516 1561 1580 for
1624 1518 1722 1581 its
1786 1522 2098 1600 present
2167 1517 2398 1582 needs
2461 1516 2840 1599 (between

386 1625 548 1668 now
612 1605 754 1668 and
822 1606 947 1669 the
993 1606 1185 1668 honr
1231 1606 1309 1669 of
1356 1625 1551 1688 your
1605 1606 1951 1686 decease)
2006 1612 2120 1671 etc.
2199 1605 2288 1670 Cf.
2337 1608 2486 1671 Ant.
2537 1608 2686 1671 537.
2731 1609 2840 1671 καὶ

386 1695 785 1777 ξυμμετίσχω
830 1693 939 1757 καὶ
983 1695 1167 1777 φέρω
1211 1701 1322 1777 τῆς
1367 1695 1577 1765 αἰτίας.
1626 1694 1774 1759 Eur.
1822 1695 1964 1760 Hel.
2002 1696 2190 1758 1045.
2239 1697 2317 1760 οὔ
2363 1697 2476 1760 τᾶν
2521 1696 2841 1779 ἀνάσχοιτ’

386 1783 535 1847 οὐδὲ
582 1785 885 1866 σιγήσειεν
930 1784 1009 1846 ἂν
1049 1785 1059 1866 Ι
1096 1784 1380 1866 μέλλοντ’
1427 1784 1671 1867 ἀδελφὴ
1720 1785 2034 1867 σύγγονον
2079 1791 2502 1849 κατακτανεῖν.

563 1874 708 1936 584.
754 1873 964 1955 λῆστιν
1009 1872 1226 1958 ἴσχεις]
1276 1873 1362 1936 Cf.
1412 1874 1508 1956 Aj.
1559 1874 1704 1936 520.
1776 1875 1908 1957 ἴσχε
1955 1911 2039 1922 -
2084 1881 2361 1957 μνῆστιν.
2434 1875 2622 1937 1269.
2700 1873 2838 1937 Gri-

386 1963 501 2026 tias
558 1962 787 2026 Athen.
836 1961 917 2026 X.
966 1964 1094 2025 432
1129 1961 1199 2025 Ε.
1269 1962 1441 2045 λῆσις
1505 1961 1648 2046 (leg.
1694 1963 1922 2046 λῆστις)
1988 1963 2047 2026 δ’
2112 1964 2356 2046 ἐκτήκει
2417 1964 2839 2047 μνημοσύνην

383 2051 738 2133 πραπίδων.
921 2050 1001 2114 δι’
1066 2050 1329 2121 οὐδενὸς
1390 2050 1587 2136 ποιεῖ]
1662 2051 1710 2116 Ι.
1761 2072 1819 2135 q.
1883 2052 2037 2135 παρ’
2102 2052 2292 2116 οὐδὲν
2353 2058 2531 2116 ποιεῖ.
2619 2052 2710 2117 Cf.
2758 2053 2837 2116 ad

565 2231 710 2293 585.
759 2229 963 2293 Schol.
1009 2229 1403 2312 προσδοκῶν
1458 2230 1579 2312 γὰρ
1636 2229 1713 2294 σὺ
1762 2231 2209 2314 ὠφελήσεσθαι
2262 2233 2415 2312 παρ’
2472 2231 2634 2313 ἐμοῦ
2689 2231 2841 2294 ὅταν

384 2320 730 2391 ἀποθάνω,
778 2320 983 2393 ζῶντα
1028 2343 1113 2401 με
1159 2321 1672 2403 γηροβοσκήσεις.

563 2409 708 2471 586.
756 2409 824 2471 ἐν
852 2410 1084 2491 βραχεῖ
1110 2447 1190 2455 -
1225 2408 1431 2492 χάριν]
1465 2409 1557 2474 Cf.
1588 2410 1685 2472 Tr.
1725 2410 1913 2473 1216.
1944 2409 2319 2491 πρόσνειμαι
2353 2409 2425 2473 δέ
2452 2432 2565 2491 μοι
2604 2408 2614 2490 Ι
2654 2409 2839 2492 χάριν

382 2499 699 2580 βραχεῖαν.
746 2497 861 2561 Ph.
897 2499 998 2560 26.
1044 2500 1317 2579 τοῦργον
1362 2499 1441 2561 οὐ
1485 2497 1747 2580 μακρὰν
1791 2499 2001 2580 λέγεις.

563 2588 708 2651 587.
756 2587 878 2670 ὅρα
944 2612 1014 2670 γε
1075 2587 1230 2674 μήν]
1298 2587 1386 2653 Cf.
1448 2586 1542 2651 ΕΙ.
1595 2588 1786 2651 1243.
1850 2588 1971 2670 ὅρα
2039 2612 2107 2670 γε
2169 2588 2384 2671 μέντοι
2433 2625 2543 2649 -.
2609 2587 2838 2651 Aesch.

384 2677 536 2742 Cho.
585 2679 731 2740 942.
778 2678 897 2741 ἄνα
947 2702 1016 2760 γε
1059 2678 1211 2760 μὰν,
1260 2677 1470 2759 δόμαι.
1642 2678 1721 2741 οὒ
1768 2678 2061 2760 σμικρὸς,
2110 2680 2259 2751 οὒκ,
2309 2676 2426 2760 -]
2474 2677 2563 2742 Cf.
2611 2677 2690 2740 ad
2738 2678 2837 2759 Aj.

385 2768 529 2832 970.
575 2767 768 2831 Thue.
815 2766 897 2831 II.
947 2769 1049 2830 89.
1106 2768 1144 2830 ὅ
1192 2766 1262 2830 δὲ
1308 2766 1488 2848 ἀγὼν
1540 2767 1742 2849 μέγας
1795 2768 1959 2848 ὑμῖν.
2016 2768 2209 2831 Arist.
2260 2766 2403 2830 Pac.
2453 2766 2600 2828 276.
2649 2767 2835 2830 Anti-

383 2857 553 2939 phon
600 2857 767 2939 apud
813 2855 983 2920 Stob.
1031 2857 1081 2920 F
1084 2857 1193 2920 lor.
1243 2857 1345 2936 68,
1394 2858 1495 2918 37.
1541 2858 1744 2938 μέγας
1790 2856 1911 2937 γὰρ
1958 2855 2135 2938 ἀγὼν
2181 2856 2386 2938 γάμος
2432 2855 2786 2937 ἀνθρώπῳ.

562 2948 707 3009 588.
756 2948 795 3028 ἢ
847 2943 1025 3029 ’μοῦ]
1081 2946 1130 3009 Ι.
1179 2964 1230 3008 e.
1286 2948 1326 3028 ἢ
1372 2944 1446 3008 τὰ
1504 2948 1684 3027 ἐμοῦ.
1764 2945 1855 3010 Cf.
1905 2947 2051 3008 268.
2101 2945 2246 3008 606.
2303 2944 2399 3008 ΕΙ.
2449 2945 2595 3008 991.
2650 2945 2837 3007 1498.

385 3034 543 3098 Phil.
586 3036 767 3097 1384.
813 3035 1010 3116 λέγεις
1057 3034 1115 3097 δ’
1153 3034 1490 3116 Ἀτρείδαις
1535 3034 1771 3117 ὄφελος
1816 3037 1855 3117 ἢ
1907 3034 1991 3095 ’π’
2039 3034 2180 3115 ἐμοὶ
2227 3036 2288 3116 (ἢ
2336 3033 2611 3115 κάμοὶΡ)
2655 3032 2838 3108 τάδε;

384 3123 531 3186 Eur.
581 3123 818 3188 Phoen.
869 3125 1015 3188 750.
1079 3124 1151 3187 τὸ
1214 3121 1401 3187 τοῦδε
1462 3123 1664 3206 κῆδος
1717 3123 1961 3205 μᾶλλον
2015 3121 2185 3186 εἵλετ’
2241 3126 2281 3206 ἢ
2329 3122 2584 3203 πατρός.
2645 3122 2836 3185 Arist.

388 3214 502 3276 Av.
556 3215 743 3276 1435.
809 3213 1031 3297 διαζῆν
1081 3250 1162 3260 --
1211 3214 1283 3277 ἐκ
1345 3219 1458 3276 τοῦ
1525 3213 1773 3275 δικαίου
1834 3212 2079 3295 μᾶλλον
2141 3215 2181 3295 ἢ
2246 3212 2319 3294 (i.
2367 3230 2418 3275 e.
2474 3214 2514 3294 ἢ
2572 3213 2646 3274 ἐκ
2700 3216 2836 3290 τοῦ)

385 3301 815 3384 δικορραφεῖν.

562 3393 707 3454 591.
754 3391 844 3454 ὅτ’
891 3391 1081 3462 αὐτὸς
1126 3391 1384 3477 ἤθελον]
1433 3391 1529 3456 Sc.
1577 3392 1851 3473 φεύγειν.

561 3482 706 3543 592.
752 3479 968 3563 θυμὸς
1013 3482 1080 3544 ἐν
1124 3487 1351 3551 κακοῖς
1396 3481 1474 3544 οὗ
1521 3477 1882 3565 ξύμφορον]
1942 3477 2027 3542 Cf.
2075 3479 2238 3543 Phil.
2293 3481 2482 3543 1387.
2531 3478 2837 3543 διδάσκου

382 3568 473 3652 μὴ
521 3570 958 3651 θρασύνεσθαι
1002 3577 1228 3641 κακοῖς
1275 3569 1334 3650 (l.
1385 3568 1439 3633 ’ν
1484 3571 1748 3646 κακοῖς).

562 3660 708 3722 593.
756 3660 907 3722 ὅταν
950 3659 1171 3742 μάθῃς
1213 3658 1379 3742 μου]
1428 3659 1517 3723 Cf.
1559 3657 1630 3720 Ο.
1663 3657 1735 3721 Β.
1771 3658 1916 3719 544.
1967 3658 2064 3740 Aj.
2099 3657 2244 3720 800.
2278 3658 2430 3721 Ant.
2466 3659 2611 3721 723.
2652 3658 2837 3720 1031.

384 3747 477 3810 ΕΙ.
526 3749 673 3812 889.
722 3747 833 3812 Ph.
884 3748 1028 3810 370.
1084 3748 1232 3830 πρὶν
1285 3749 1520 3831 μαθεῖν
1566 3749 1743 3830 ἐμοῦ.
1801 3745 1896 3810 ΕΙ.
1945 3747 2092 3809 889.
2137 3747 2445 3827 μαθοῦσά
2489 3766 2639 3828 μοα.
2686 3745 2837 3810 Eur.

382 3838 569 3902 RheS.
623 3840 763 3901 129.
809 3837 1128 3920 μαθόντες
1174 3838 1434 3921 ἐχθρῶν
1477 3836 1772 3920 μηχανὰς
1817 3835 2246 3900 κατασκόπου.
2381 3842 2573 3899 τανῦν
2620 3835 2679 3898 δ’
2726 3834 2836 3920 ἔα]

382 3926 479 3991 Sc.
525 3927 596 3991 τὸ
644 3928 979 3991 νουθετεῖν.

561 4017 707 4079 597.
753 4022 880 4087 πᾶς
928 4053 1010 4062 —
1046 4015 1392 4101 Ἑλλήνων]
1461 4016 1552 4080 Cf.
1602 4018 1704 4082 25.
1768 4021 1896 4086 πᾶς
1960 4016 2081 4098 γάρ
2145 4038 2232 4085 τις
2296 4013 2461 4097 ηὔδα
2526 4013 2711 4077 τοῦτό
2777 4012 2837 4096 γ’

382 4106 531 4188 ἡμῖν
578 4105 901 4187 ἐμπόρων.
979 4105 1204 4188 Oedipi
1253 4126 1389 4169 sors
1432 4106 1818 4187 τριπόλιστος
1866 4104 2031 4176 οἶτος
2077 4104 2312 4167 dicitur
2357 4104 2506 4167 Ant.
2556 4103 2703 4166 857.

561 4196 708 4258 598.
757 4194 844 4258 Cf.
902 4194 1064 4257 Phil.
1125 4195 1271 4258 601.
1336 4195 1563 4258 Aesch.
1615 4196 1731 4278 Ag.
1782 4195 1930 4257 272.
1992 4195 2049 4256 τί
2108 4192 2231 4276 γὰρ
2295 4192 2367 4256 τὸ
2432 4192 2651 4256 πιστόν
2715 4193 2838 4255 ἐστι

380 4285 585 4348 τῶνδέ
637 4308 737 4347 σοι
791 4285 1064 4366 τέκμαρ;
1120 4284 1270 4347 Eur.
1320 4282 1505 4347 Herc.
1564 4284 1703 4346 151.
1768 4285 1826 4346 τί
1878 4283 1957 4366 δὴ
2023 4283 2092 4346 τὸ
2157 4280 2392 4364 σεμνὸν
2448 4289 2548 4363 σῴ·
2592 4281 2836 4361 κατείρ-

382 4396 598 4455 γασται
642 4373 855 4447 πόσει,·
902 4373 1131 4437 Bacch.
1179 4375 1325 4435 492.
1373 4374 1431 4435 τί
1469 4397 1551 4455 με
1595 4372 1666 4436 τὸ
1714 4373 1920 4437 δεινὸν
1965 4373 2208 4454 ἐργάσει
2219 4396 2242 4448 ,·
2299 4370 2406 4435 Or.
2447 4372 2593 4432 245.
2643 4370 2835 4432 Arist.

382 4459 527 4545 Lys.
571 4462 717 4525 366.
762 4462 955 4526 Thac,
998 4461 1140 4526 VII.
1174 4464 1276 4525 45.
1325 4461 1490 4525 ὅπλα
1536 4462 1711 4526 πλέω
1761 4465 1800 4545 ἢ
1848 4460 2007 4525 κατὰ
2052 4457 2201 4532 τοὺς
2246 4457 2515 4542 νεκροὺς
2562 4458 2837 4541 ἐλήφθη.
