3463 5287
604 407 733 471 270
1617 425 1870 470 maxumus
1914 426 2039 470 m

601 584 709 649 καὶ
773 590 1074 667 γυναῖκας
1137 585 1282 648 οὔτε
1337 590 1417 667 γῆ
1471 583 1723 665 καρπὸν
1771 585 1959 667 ἔφερε
2005 585 2148 647 οὔτε
2204 584 2491 666 γυναῖκές
2535 608 2601 648 τε
2643 584 2752 647 καὶ
2796 590 3058 668 ποῖμναι

602 674 847 757 ὁμοίως
892 675 1126 738 ἔτικτον
1171 673 1278 737 καὶ
1322 672 1451 755 πρὸ
1496 679 1627 736 τοῦ.
1692 672 1809 736 ῙΧ.
1861 674 1962 737 93.
2032 674 2171 737 ἐπεί
2209 697 2272 737 τε
2321 673 2390 737 δὲ
2444 672 2553 738 τὸν
2596 672 2879 757 Εὐήνιον
2925 674 3055 749 ἐξε-

601 763 971 846 τύφλωσαν,
1022 798 1104 809 --
1153 765 1295 826 οὔτε
1339 762 1630 845 πρόβατά
1678 786 1789 845 σφι
1835 763 2026 826 ἔτικτε
2071 764 2215 826 οὔτε
2261 769 2341 847 γῆ
2387 764 2576 845 ἔφερε
2621 763 2866 845 ὁμοίως
2896 787 3054 846 καρ·

600 853 741 916 πόν.
788 851 1042 918 Denter.
1091 850 1310 916 XXX.
1361 853 1416 915 9.
1466 851 1648 915 Pind.
1701 850 1766 914 P.
1813 850 1924 915 IV.
1973 851 2119 915 265.
2185 852 2293 915 καὶ
2356 852 2808 935 φθινόκαρπος
2862 854 3054 917 ἐοῦσα

603 943 662 1025 (ἡ
713 942 888 1024 δρῦς)
934 941 1062 1005 κτλ.
1126 941 1308 1005 Pind.
1355 940 1524 1024 Hyp.
1569 940 1623 1005 F
1624 962 1669 1004 r.
1719 944 1778 1004 4.
1825 947 2080 1024 καρποῦ
2128 942 2361 1024 φθίσιν.
2517 940 2872 1026 φθίνουσα]
2922 941 2974 1005 P
2985 962 3057 1007 e-

600 1033 837 1112 riens,
884 1030 1279 1114 languens,
1359 1031 1449 1094 Cf.
1486 1030 1631 1095 666.
1665 1028 1824 1094 0.c.
1860 1031 2006 1093 610.
2041 1032 2212 1095 etad
2250 1031 2393 1094 173.
2528 1031 2788 1105 κάλυξιν
2825 1032 3054 1115 ἐγκάρ-

598 1119 775 1205 ποις]
826 1119 917 1184 Cf.
953 1121 1178 1185 Aesch.
1213 1121 1329 1204 Ag.
1368 1119 1554 1183 1392.
1601 1119 1882 1190 κάλυκος
1927 1120 1994 1184 ἐν
2039 1120 2435 1202 λοχεύμασιν.
2484 1121 2675 1184 Arist.
2709 1121 2829 1183 Av.
2867 1122 3054 1185 1065.

600 1212 641 1274 ἃ
688 1208 867 1273 πάντ’
914 1210 981 1273 ἐν
1029 1211 1173 1291 γαίᾳ
1219 1209 1291 1272 ἐκ
1337 1208 1617 1279 κάλυκος
1662 1209 2100 1291 αὐξανόμενον
2132 1211 2340 1292 γένυσι
2370 1211 2747 1292 παμφάγοις
2779 1248 2862 1257 -
2893 1234 3052 1293 καρ-

600 1298 725 1363 πὸν
770 1299 1211 1382 ἀποβόσκεται.
1279 1297 1510 1362 Cratin.
1559 1298 1640 1362 H.
1676 1301 1777 1361 72.
1825 1299 2180 1381 ἀνεμωνῶν
2237 1299 2466 1372 κάλυξί
2521 1301 2570 1361 τ’
2618 1300 2877 1381 ἠριναῖς.
2924 1298 3055 1363 He-

600 1390 863 1470 sychius
893 1387 1177 1458 κάλυκας
1207 1406 1320 1471 per
1348 1388 1597 1471 ἔμβρυα
1628 1393 1850 1470 φυτῶν
1905 1389 2195 1472 explieat.
2274 1387 2439 1452 Cum
2469 1389 2790 1471 ἔγκαρπος
2836 1389 3056 1454 confer

600 1479 947 1561 ἔμμητρος,
1003 1478 1381 1559 ἔνσπερμος,
1439 1478 1740 1559 ἔνθηρος,
1797 1479 2027 1560 ἔμπαις
2073 1483 2186 1542 ete.
2264 1475 2361 1541 De
2409 1477 2621 1541 dativo
2676 1473 2932 1554 κάλυξιν
2978 1479 3053 1541 cf.

601 1566 751 1629 Eur.
800 1566 1024 1631 Bacch.
1077 1566 1222 1629 683.
1283 1563 1484 1649 ηὗδον
1542 1566 1611 1629 δὲ
1674 1572 1870 1630 πᾶσαι
1936 1568 2225 1650 σώμασιν
2289 1568 2675 1649 παρειμέναι.
2755 1565 2857 1631 Or.
2907 1568 3052 1631 695.

599 1656 707 1720 καὶ
752 1662 906 1726 ναῦς
952 1655 1072 1738 γὰρ
1120 1656 1443 1719 ἐνταθεῖσα
1489 1655 1652 1736 πρὸς
1695 1656 1842 1739 βίαν
1887 1656 2038 1720 ποδὶ
2083 1656 2208 1719 κτλ.
2255 1655 2443 1720 Hom.
2485 1655 2557 1720 Il.
2592 1657 2650 1739 2,
2687 1657 2827 1720 148.
2875 1657 3052 1740 λήϊον

599 1746 787 1829 ἠμύει
833 1746 1256 1828 ἀσταχύεσσιν.

778 1836 880 1898 26.
927 1835 1246 1917 φθίνουσα
1295 1833 1414 1919 -]
1474 1833 1565 1898 Cf.
1616 1834 1764 1897 668.
1815 1833 1884 1898 Ο.
1919 1833 1985 1898 C.
2036 1835 2180 1897 610.
2245 1835 2459 1917 φθίνει
2522 1835 2641 1917 μὲν
2695 1834 2871 1918 ἰσχὺς
2919 1841 3051 1918 γῆς,

599 1925 811 2006 φθίνει
876 1922 946 1988 δὲ
1011 1925 1322 2006 σώματος.
1459 1923 1708 2005 ἀγέλαις
1774 1923 2155 2009 βουνόμοις]
2224 1924 2314 1989 Of.
2362 1923 2456 1987 El.
2510 1925 2652 1987 181.
2724 1924 3053 2008 βουνόμον

599 2014 1028 2096 (βούνομονῖ)
1075 2014 1286 2077 ἀκτάν.

779 2105 880 2166 27.
928 2102 1211 2188 ἀγόνοις]
1288 2103 1383 2166 Gl.
1430 2102 1500 2166 B.
1566 2102 1939 2185 ἀγεννήτοις.
2122 2103 2189 2167 ἐν
2246 2102 2304 2166 δ’
2354 2101 2470 2186 -]
2535 2104 2703 2167 And
2769 2103 3051 2167 withal.

601 2191 692 2256 Of.
748 2193 888 2255 182.
938 2190 1007 2256 O.
1043 2193 1109 2257 C.
1160 2193 1258 2255 55.
1305 2192 1401 2255 Tr.
1452 2193 1597 2255 207.
1651 2194 1745 2273 Aj.
1797 2193 1941 2256 675.
1992 2194 2137 2257 954.
2186 2193 2413 2257 Aesch.
2462 2190 2626 2276 Sept.
2674 2193 2817 2255 965.
2866 2194 2934 2257 ἐν
2982 2194 3051 2257 δὲ

598 2281 829 2362 καρδία
878 2282 1083 2345 στένει.
1130 2280 1318 2345 Hom.
1367 2281 1438 2344 ΙΙ.
1492 2283 1547 2363 l,
1600 2283 1743 2345 110.
1792 2281 1885 2344 El.
1922 2283 2065 2345 713.
2113 2282 2181 2345 ἐν
2228 2281 2298 2345 δὲ
2342 2286 2470 2353 πᾶς
2514 2282 2849 2365 ἐμεστώθη
2900 2282 3049 2364 δρό-

596 2394 736 2453 μσς.
784 2372 932 2434 Ant.
982 2371 1129 2433 420.
1194 2371 1261 2434 ἐν
1327 2370 1381 2433 δ’
1428 2371 1762 2454 ἐμεστώθη
1836 2370 2036 2452 μεγάς
2090 2371 2304 2454 αἰθήρ.
2369 2373 2553 2434 1274.
2605 2372 2751 2433 551.
2817 2369 3049 2435 Herod.

598 2459 646 2522 I.
685 2462 784 2523 74.
833 2460 899 2522 ἐν
946 2459 1015 2523 δὲ
1061 2459 1169 2523 καὶ
1213 2462 1642 2543 νυκτομαχίην
1672 2459 1805 2523 τινὰ
1853 2461 2244 2543 ἐποιήσαντο.
2291 2459 2340 2523 Ι.
2395 2462 2536 2524 184.
2585 2461 2653 2523 ἐν
2700 2460 2770 2524 δὲ
2818 2460 2896 2543 δὴ
2945 2462 3052 2524 καὶ

599 2555 886 2631 γυναῖκες
934 2548 1068 2612 δύο.
1145 2549 1286 2611 185.
1352 2549 1418 2611 ἐν
1474 2549 1543 2612 δὲ
1591 2549 1669 2632 δὴ
1717 2549 1825 2612 καὶ
1871 2550 1983 2632 τὴν
2028 2547 2248 2613 Νῖναν.
2298 2549 2440 2612 VII.
2495 2550 2637 2612 176.
2686 2550 2752 2613 ἐν
2800 2550 2870 2613 δὲ
2907 2550 3047 2633 Ἀρ-

596 2638 846 2721 τέμιδος
910 2638 1062 2720 ἱρόν.
1141 2636 1439 2703 Similiter
1506 2638 1622 2702 σὺν
1686 2639 1783 2712 δὲ,
1848 2638 2011 2722 πρὸς
2077 2639 2173 2713 δὲ,
2240 2639 2340 2703 ἐπὶ
2405 2639 2501 2714 δὲ,
2564 2638 2721 2721 μετὰ
2781 2639 2876 2714 δὲ’,
2934 2647 3049 2705 ete.

597 2729 732 2792 Nisi
783 2730 994 2812 potius
1041 2730 1258 2792 tmesis
1304 2729 1408 2792 hic
1454 2738 1576 2810 est,
1632 2735 1704 2792 ut
1760 2729 1826 2792 ἒν
1874 2730 1954 2794 ad
2001 2731 2258 2812 σκήψας
2320 2731 2644 2813 pertineat.
2710 2729 2808 2793 Tr.
2860 2730 3048 2794 1053.

598 2818 669 2880 ἐκ
721 2855 798 2863 -
848 2819 1143 2900 βέβρωκε
1208 2819 1463 2898 σάρκας.
1534 2818 1678 2881 565.
1745 2820 1817 2882 ἐκ
1884 2818 1942 2881 δ’
1990 2820 2129 2902 ἤϋσ’
2177 2820 2322 2900 ἐγώ.
2381 2817 2451 2882 Ο.
2486 2816 2550 2881 C.
2598 2820 2784 2881 1777.
2833 2819 3049 2882 ἐπὶ-

597 2909 843 2990 θρῆνον
888 2908 1162 2989 ἐγείρετε.
1223 2910 1367 2970 Ant.
1403 2908 1548 2972 601.
1604 2906 1743 2970 κατ’
1793 2946 1873 2955 —·
1924 2908 2061 2990 ἀμᾷ
2111 2910 2311 2978 κοπίς.
2391 2907 2496 2972 Sic
2543 2906 2907 2990 Hesychius
2953 2910 3048 2973 ἐν·

599 2998 954 3079 σκήψαντες
987 3017 1100 3080 por
1145 2997 1618 3079 ἐφορμήσαντες
1664 2998 1959 3080 explieat.
2038 2996 2126 3061 Of.
2172 2998 2269 3060 Tr.
2325 2997 2511 3061 1087.
2560 2995 2618 3059 ὦ
2664 2997 2813 3068 Διὸς
2859 2998 3048 3072 ἀκτὶς,

597 3124 679 3133 -
715 3087 1202 3168 ἐγκατάσκηψον
1246 3086 1445 3169 βέλος.
1497 3089 1719 3149 Aesch.
1754 3087 1925 3150 Pers.
1962 3088 2106 3149 514.
2154 3092 2397 3160 κακῶν,
2444 3088 2485 3149 ἃ
2532 3085 2813 3168 Πέρσαις
2858 3089 3046 3169 ἐγκα-

593 3177 907 3258 τέσκηψεν
952 3176 1121 3246 θεός.
1175 3175 1316 3237 105.
1363 3174 1561 3256 Μοῖρ’
1597 3213 1677 3222 --
1714 3177 2038 3258 ἐπέσκηψε
2085 3176 2488 3258 (ἐνέσκηψεΡ)
2536 3174 2816 3256 Πέρσαις
2860 3176 3047 3240 πολέ-

593 3288 776 3348 μους.
846 3266 990 3328 715.
1055 3265 1282 3346 λοιμοῦ
1346 3288 1433 3335 τις
1498 3264 1658 3347 ἦλθε
1722 3265 2001 3347 σκηπτὸς
2062 3268 2099 3347 ἢ
2159 3267 2368 3336 στάσις
2411 3265 2604 3329 πόλει.
2670 3265 2852 3329 Eum.
2903 3267 3047 3329 767.

594 3355 684 3437 μὴ
742 3353 948 3436 βαρὺν
1010 3354 1200 3417 κότον
1258 3356 1558 3437 σκήψητε.
1625 3355 1775 3417 Eur.
1826 3353 1986 3419 Med.
2042 3355 2226 3417 1333.
2291 3354 2400 3417 τὸν
2464 3354 2577 3418 σὸν
2623 3355 2917 3438 ἀλάστορ’
2964 3356 3050 3426 εἰς

596 3443 696 3525 ἔμ’
763 3445 1054 3526 ἔσκηψαν
1116 3443 1273 3507 θεοί.
1338 3444 1515 3524 Trag.
1563 3444 1773 3526 adesp.
1823 3445 1967 3507 389.
2034 3444 2184 3507 ὅταν
2246 3468 2301 3506 τι
2363 3450 2538 3514 ναοῖς
2593 3445 3047 3528 ἐγκατασκήψῃ

593 3534 814 3615 μύσος.
865 3533 1177 3616 Aristoph.
1210 3531 1291 3596 II.
1330 3534 1516 3595 1167.
1566 3533 1629 3603 ἐς
1681 3532 1951 3597 Οἰδίπου
2001 3532 2070 3596 δὲ
2109 3533 2296 3596 παῖδε
2330 3571 2411 3579 —
2446 3535 2641 3615 Ἄρης
2678 3533 3047 3616 κατέσκηψ’.

594 3621 787 3685 Thue.
838 3620 915 3684 II.
964 3621 1066 3683 47.
1122 3622 1427 3704 λεγομένη
1474 3622 1595 3703 μὲν
1640 3623 1749 3685 καὶ
1803 3623 2115 3703 πρότερον
2158 3622 2514 3705 πολλαχόσε
2568 3626 3048 3706 ἐγκατασκῆψαι

596 3712 841 3792 (νόσος).
909 3708 1142 3775 Herod.
1193 3710 1301 3774 lv.
1354 3712 1453 3773 79.
1529 3712 1593 3780 ἐς
1655 3713 1885 3794 ταύτην
1950 3712 2090 3793 (τὴν
2146 3713 2371 3792 οἰκίαν)
2435 3713 2473 3775 ὁ
2518 3712 2673 3782 θεὸς
2737 3713 3049 3795 ἐνέσκηψε

594 3801 794 3883 βέλος.
845 3798 987 3863 VII.
1041 3802 1181 3863 134.
1229 3806 1384 3863 τοῖσι
1432 3800 1502 3864 δὲ
1537 3838 1615 3846 ·—
1649 3808 1838 3883 μῆνις
1881 3802 2244 3883 κατέσκηψε
2295 3801 2669 3884 Ταλθυβίου.
2720 3802 2894 3866 VIII.
2945 3803 3046 3865 39.

596 3891 660 3961 ἐς
705 3890 775 3953 τὸ
831 3890 1130 3972 (τέμενος)
1186 3890 1545 3972 ἐνέσκηψαν
1592 3890 1819 3971 (λίθοι).
1884 3889 2054 3953 Plut.
2101 3891 2277 3955 TheS.
2332 3892 2427 3953 15.
2495 3891 2732 3973 ἀφορία
2796 3915 2861 3955 τε
2925 3891 3046 3973 γὰρ

594 3979 702 4042 καὶ
746 3979 936 4048 νόσος
982 3978 1305 4062 ἐπέσκηψε
1349 3979 1568 4062 πολλή.
1619 3978 1913 4043 Philostr.
1960 3978 2109 4044 Her.
2150 4000 2208 4064 p.
2246 3980 2389 4043 702.
2436 3980 2639 4062 ὕδρου
2687 3981 3044 4064 ἐνσκήψαν-

595 4092 701 4139 τος
747 4069 923 4150 αὗτῷ
968 4068 1030 4138 ἐς
1076 4067 1184 4131 τὸν
1228 4068 1415 4132 πόδα.
1467 4068 1715 4133 Heliod.
1764 4067 1845 4131 II.
1881 4071 1981 4131 24.
2029 4070 2210 4152 ὄμμα
2256 4068 2536 4150 Κρόνιον
2581 4071 2667 4140 εἷς
2712 4070 2821 4133 τὸν
2867 4068 3046 4134 οἷκον

594 4158 920 4241 ἐνέσκηψε.
969 4156 1173 4221 Schol.
1209 4156 1300 4220 Pl.
1338 4159 1524 4221 1054.
1571 4159 1759 4240 λιμοῦ
1806 4157 1927 4241 γὰρ
1959 4159 2392 4241 ἐνσκήψαντος
2421 4159 2547 4222 κτλ.
2682 4157 3043 4242 πυρφόρος]

593 4247 714 4312 Le.
747 4247 1214 4330 πυρετοφόρος,
1262 4247 1548 4312 febrem
1579 4248 1969 4311 inducenS.
2046 4248 2339 4312 Insolens
2371 4247 2748 4330 significatio
2782 4249 3047 4331 epitheti

594 4337 761 4420 quod
814 4338 1086 4401 occurrit
1133 4338 1278 4400 206.
1335 4335 1405 4401 Ο.
1441 4336 1506 4401 C.
1558 4340 1657 4400 55.
1717 4336 1877 4400 Phil.
1932 4338 2117 4400 1198.
2183 4336 2333 4400 Eur.
2382 4337 2595 4421 Suppl.
2646 4338 2790 4401 260.
2853 4337 3044 4401 Tbuc,

593 4425 674 4490 ΙΙ.
723 4427 825 4489 49.
890 4425 963 4488 τὰ
1023 4426 1091 4489 δὲ
1158 4425 1329 4496 ἐντὸς
1376 4427 1581 4497 οὕτως
1627 4427 1848 4490 ἐκάετο
1894 4426 2020 4490 κτλ.
2076 4427 2171 4490 El.
2220 4428 2366 4490 888.
2413 4427 2645 4491 θάλπει
2691 4426 2843 4509 τῷδ’
2891 4427 3043 4508 ἀνη-

592 4518 797 4598 κέστῳ
841 4515 1009 4597 πυρί.
1088 4513 1400 4600 Compara
1431 4515 1727 4579 Latinum
1782 4516 2033 4580 ‘febris‘
2089 4536 2235 4580 cum
2270 4515 2647 4581 Germanico
2702 4515 2935 4581 ‘fener'
2984 4522 3048 4580 et
