3463 5287
1374 438 1767 485 munorum
2663 417 2794 484 309

341 635 423 643 —-
472 598 606 669 οἷος
661 599 731 672 ἐξ
784 599 923 662 οἵου
973 598 1251 680 ’τράφης.
1318 596 1553 662 Cratin.
1601 597 1682 661 ΙΙ.
1731 599 1838 669 82.
1903 596 2003 661 δεῖ
2050 597 2107 661 σ’
2155 597 2336 667 ὅπως
2400 597 2796 681 εὐσχήμονος

337 688 757 770 ἀλεκτρυόνος
799 687 1004 770 μηδὲν
1051 687 1313 758 διοίσεις.

521 779 622 841 55.
669 778 781 860 τὴν
835 777 1220 860 Φιλοκτήτου
1268 813 1354 822 -
1401 776 1643 861 ψυχὴν]
1702 777 1809 841 Sic
1855 774 1951 839 El.
2005 778 2191 840 1127.
2239 782 2455 860 ψυχῆς
2485 774 2794 859 ’Ὀρέστου

341 889 454 952 pro
511 867 785 952 Simplici
834 864 1155 949 Ὀρέστου.
1340 867 1613 930 δόλοισιν
1659 866 2019 950 ἐκκλέψεις]
2079 866 2167 931 Of.
2215 867 2363 930 Eur.
2410 866 2596 930 Here.
2649 867 2792 929 100.

337 958 693 1021 κλέπτουσα
738 957 977 1039 μύθοις
1022 957 1286 1027 ἀθλίους
1330 955 1575 1026 κλοπὰς
1620 956 1820 1039 ὅμως.

519 1048 620 1109 56.
666 1048 754 1116 τίς
798 1070 861 1109 τε
906 1045 1013 1109 καὶ
1057 1046 1264 1109 πόθεν
1308 1045 1528 1130 πάρει]
1595 1045 1687 1109 Cf.
1738 1046 1816 1109 ad
1869 1046 2055 1109 1091.
2109 1044 2207 1110 Tr.
2255 1047 2403 1109 421.
2461 1046 2545 1116 τίς
2589 1046 2795 1109 πόθεν

336 1135 560 1218 μολὼν
601 1136 610 1217 Ι
651 1136 750 1199 σοὶ
794 1137 1179 1218 μαρτυρήσει
1218 1160 1331 1209 —,·
1377 1134 1528 1198 Eur.
1575 1133 1670 1198 El.
1724 1136 1868 1198 780.
1922 1136 2078 1205 τίνες
2116 1136 2126 1219 Ι
2165 1135 2373 1198 πόθεν
2417 1135 2793 1218 πορεύεσθ’,·

340 1226 527 1289 Hom.
575 1224 689 1289 Od.
742 1226 845 1307 19,
893 1226 1037 1287 105.
1084 1226 1168 1295 τίς
1214 1225 1419 1288 πόθεν
1465 1223 1551 1295 εἷς
1597 1224 1888 1307 ἀνδρῶν,-

520 1316 621 1378 58.
668 1315 843 1378 πλεῖν
891 1311 949 1377 δ’
994 1314 1087 1385 ὡς
1132 1314 1296 1396 πρὸς
1342 1312 1543 1399 οἶκον]
1612 1313 1700 1377 Cf.
1750 1313 1899 1378 Eur.
1947 1312 2096 1379 Her.
2148 1315 2291 1378 672.
2359 1315 2484 1398 ἤδη
2534 1313 2656 1397 γὰρ
2702 1314 2796 1384 ὡς

341 1405 405 1475 ἐς
451 1405 639 1487 ἔργον
692 1404 993 1467 ὥπλισται
1049 1404 1323 1485 στρατός.
1388 1402 1556 1467 Xen.
1604 1406 1727 1466 An.
1776 1403 1823 1467 1.
1873 1405 1930 1467 8.
1983 1406 2037 1468 1.
2091 1405 2503 1487 προσέρχεται
2558 1404 2652 1473 ὡς
2710 1405 2796 1473 εἷς

336 1495 554 1577 μάχην
620 1494 1230 1576 παρεσκευασμένος.
1312 1493 1415 1557 VI.
1470 1494 1522 1556 1.
1573 1494 1673 1555 22.
1740 1494 2194 1576 συνταξάμενοι
2258 1494 2351 1564 ὡς
2414 1494 2500 1563 εἷς
2562 1493 2794 1576 μάχην.

340 1582 450 1645 VI.
499 1584 556 1645 2.
606 1584 706 1646 21.
750 1583 939 1646 Thuc.
985 1581 1097 1645 IV.
1148 1582 1245 1645 13.
1876 1586 1884 1594 ’

522 1673 621 1735 59.
669 1673 864 1754 ἔχθος
910 1672 1195 1754 ἔχθήρας
1238 1671 1438 1756 μέγα]
1487 1670 1579 1735 Of.
1613 1670 1708 1735 El.
1753 1674 1935 1735 1034.
1984 1673 2125 1737 οὐδ’
2156 1670 2238 1736 αὗ
2269 1678 2569 1737 τοσοῦτον
2602 1672 2796 1754 ἔχθος

340 1762 625 1844 ἐχθαίρω
672 1764 728 1825 σ’
775 1763 922 1842 ἐγώ.
970 1761 1147 1844 Trag.
1197 1761 1407 1845 adesp.
1455 1762 1604 1841 462,
1653 1763 1710 1823 2.
1758 1768 1884 1831 τοῖς
1933 1762 1990 1825 δ’
2038 1763 2233 1845 ἔχθος
2279 1761 2450 1826 εἶναι.

520 1851 621 1913 60.
669 1851 736 1913 ἐν
782 1850 1002 1936 λιταῖς]
1070 1849 1156 1913 Cf.
1211 1851 1353 1913 102.
1420 1851 1487 1913 ἐν
1553 1851 1742 1933 δόλῳ.
1814 1852 2003 1914 1393.
2060 1853 2127 1914 ἐν
2172 1852 2397 1933 λόγοις.
2445 1853 2594 1916 Ant„
2646 1852 2793 1915 962.

520 2030 622 2092 61.
668 2029 876 2113 μόνην
922 2031 1169 2112 ἔχοντες
1214 2030 1384 2112 τήνδ’
1433 2029 1691 2114 ἅλωσιν]
1741 2029 1829 2094 Cf.
1879 2030 1977 2112 Aj.
2031 2030 2217 2093 1114.
2264 2028 2361 2092 Tr.
2410 2032 2557 2094 483.
2606 2036 2668 2096 et
2712 2030 2791 2093 ad

341 2119 537 2183 Arist.
586 2118 751 2183 Nub.
800 2120 947 2182 201.
994 2120 1378 2201 ἀστρονομία
1423 2119 1543 2201 μὲν
1589 2120 1785 2202 αὑτηί.

520 2210 603 2272 62
637 2227 729 2290 sq.
778 2207 867 2271 Cf.
915 2207 1007 2271 ΕΙ.
1062 2210 1250 2271 1277.
1295 2208 1392 2272 Tr.
1443 2210 1542 2271 56.
1592 2208 1661 2273 Ο.
1696 2207 1761 2271 C.
1814 2210 2001 2273 1211.
2047 2207 2226 2292 Trag.
2274 2210 2482 2295 adesp.
2525 2211 2624 2273 79.
2673 2210 2793 2273 οὐκ

340 2299 501 2373 ἀξιῶ
545 2303 799 2381 μικρῶν
845 2322 940 2370 σε,
985 2298 1228 2380 μεγάλα
1280 2297 1336 2360 δ’
1370 2297 1490 2361 οὐκ
1522 2299 1668 2380 ἔχω.
1717 2295 1895 2361 Dem.
1929 2318 1981 2362 o.
2015 2300 2289 2382 Aristog.
2330 2299 2369 2381 ξ
2403 2299 2504 2362 69.
2553 2299 2793 2363 ἐκείνου

339 2389 547 2469 κύριοι
592 2388 874 2451 κολάσαι.
921 2386 1108 2451 Hom.
1153 2387 1236 2451 H.
1287 2386 1422 2451 Cer.
1473 2388 1617 2451 283.
1666 2387 1821 2451 οὐδέ
1864 2412 1918 2450 τι
1962 2388 2193 2458 παιδὸς
2232 2389 2241 2471 Ι
2280 2389 2566 2472 μνήσατο
2610 2389 2791 2471 τηλυ-

347 2478 549 2559 γέτοιο
595 2477 724 2541 ἀπὸ
773 2477 1056 2540 δαπέδου
1104 2477 1450 2540 ἀνελέσθαι.

520 2566 619 2629 62.
670 2567 791 2630 οὐκ
846 2567 1128 2650 ἠξίωσαν
1182 2571 1310 2630 τῶν
1354 2566 1708 2650 Ἀχιλλείων
1765 2567 1985 2631 ὅπλων
2025 2567 2036 2653 Ι
2077 2568 2322 2632 ἐλθόντι
2379 2566 2637 2652 δοῦναι]
2703 2566 2795 2629 Cf.

347 2656 417 2721 Ο.
451 2655 515 2720 C.
567 2657 755 2720 1496.
804 2657 1027 2739 φίλους
1074 2658 1326 2731 έπαξισῖ
1366 2657 1614 2720 δικαίαν
1660 2658 1845 2740 χάριν
1889 2664 2238 2742 παρασχεῖν
2282 2659 2536 2722 παθών.

523 2747 623 2810 65.
672 2748 876 2828 ἔσχατ’
941 2747 1224 2829 ἐσχάτων
1279 2746 1484 2831 κακά]
1551 2746 1642 2811 Cf.
1692 2747 1762 2812 Ο.
1796 2747 1869 2812 R.
1918 2749 2065 2811 465.
2133 2748 2204 2813 O.
2238 2748 2303 2812 C.
2356 2748 2544 2811 1238.
2590 2747 2792 2812 Diocl.

341 2856 499 2901 com.
546 2834 628 2899 II.
677 2837 824 2899 838.
888 2836 961 2900 τὰ
1027 2835 1197 2899 κακὰ
1262 2841 1391 2900 τῶν
1453 2841 1695 2901 κακῶν.
1761 2835 1944 2902 Pher.
1991 2837 2074 2901 II.
2125 2839 2270 2901 299.
2327 2837 2399 2902 τὰ
2456 2837 2620 2901 καλὰ
2666 2842 2795 2901 τῶν

339 2925 573 2989 καλῶν.

521 3015 622 3079 66.
669 3017 727 3079 εἰ
796 3015 853 3078 δ’
910 3016 1157 3097 ἐργάσει
1209 3015 1301 3099 μὴ
1368 3015 1593 3101 ταῦτα]
1660 3016 1753 3080 Cf.
1810 3015 1881 3080 O.
1915 3014 1978 3077 C.
2043 3015 2230 3079 1365.
2296 3016 2353 3079 εἰ
2402 3016 2461 3080 δ’
2518 3015 2793 3098 ἐξέφυσα

340 3105 528 3168 τάσδε
571 3104 662 3187 μὴ
714 3144 824 3166 -.
873 3103 967 3167 ΕΙ.
1018 3105 1163 3168 992.
1211 3104 1359 3169 Eur.
1406 3104 1549 3169 Hel.
1601 3105 1700 3167 11.
1757 3106 1950 3169 Arist.
1996 3103 2155 3168 Ran.
2206 3105 2350 3169 639.
2404 3104 2591 3167 1417.
2648 3104 2793 3168 Pac.

344 3194 489 3257 672.
627 3194 816 3257 οὐδὲν
862 3194 1118 3276 ἀλγυνεῖ
1154 3193 1258 3280 μ’]
1307 3192 1395 3257 Cf.
1442 3193 1540 3257 Tr.
1574 3195 1721 3257 458.
1769 3195 1952 3257 τοῦτό
1996 3193 2067 3276 μ’
2115 3195 2431 3276 ἀλγύνειεν
2477 3195 2571 3256 ἄν.

521 3284 622 3347 67.
672 3282 761 3347 Cf.
808 3283 958 3347 Eur.
1006 3283 1242 3347 Phoen.
1295 3285 1482 3346 1535.
1548 3282 1777 3346 σκότον
1840 3285 2084 3365 ὄμμασι
2148 3289 2306 3347 σοῖσι
2359 3283 2594 3366 βαλών.
2659 3284 2796 3350 Ion.

346 3373 489 3437 751.
538 3373 659 3435 οὐκ
707 3374 793 3442 εἰς
839 3373 1136 3443 ἀπίστους
1184 3373 1489 3443 δεσπότας
1533 3373 1746 3455 βαλεῖς
1789 3374 2012 3454 χαράν.

523 3463 623 3525 72.
672 3464 939 3544 ἔνορκος
985 3461 1227 3547 οὐδενὶ]
1277 3461 1366 3526 Cf.
1417 3463 1513 3544 Aj.
1568 3463 1756 3524 1113.
1804 3462 2023 3544 ὅρκων
2070 3462 2227 3526 οἷσιν
2272 3460 2351 3546 ἦν
2396 3463 2735 3544 ἑνώμοτσς.

524 3553 623 3614 75.
669 3552 877 3625 τόξων
923 3551 1260 3635 ἐγκρατὴς]
1310 3550 1397 3615 Cf.
1448 3550 1517 3615 O.
1553 3549 1617 3614 C.
1657 3552 1845 3614 1022.
1894 3552 2211 3634 ἐγκρατεῖς
2257 3555 2407 3632 (τῶν
2450 3552 2740 3632 παίδων).

524 3641 624 3706 77.
671 3640 977 3724 κλοπεὺς]
1043 3641 1130 3705 Cf.
1188 3639 1284 3704 El.
1345 3640 1446 3703 56.
1515 3639 1664 3704 Eur.
1719 3640 1858 3705 Tro.
1918 3641 2065 3704 677.
2125 3639 2315 3706 Herc.
2368 3641 2511 3704 100.
2578 3641 2797 3726 Suppl.

343 3731 492 3794 416.
539 3729 721 3794 Pind.
769 3727 864 3792 Ol.
916 3729 1020 3793 VI.
1071 3731 1171 3794 36.
1218 3729 1288 3794 P.
1335 3727 1445 3792 IV.
1495 3731 1596 3793 96.

525 3820 624 3882 79.
672 3819 760 3884 Cf.
811 3820 913 3882 88.
972 3821 1119 3882 Ant.
1170 3821 1315 3882 523.
1371 3819 1469 3881 Tr.
1515 3820 1665 3882 440.
1721 3820 1960 3902 χαίρειν
2012 3820 2296 3903 πέφυκεν
2344 3820 2792 3902 (τάνθρώπων)

344 3908 485 3991 οὐχ’
531 3914 658 3979 τοῖς
703 3909 914 3978 αὐτοῖς
959 3908 1070 3971 ἀεί.
1136 3907 1285 3972 Eur.
1332 3907 1427 3970 ΕΙ.
1480 3909 1669 3972 1102.
1736 3906 1794 3972 ὦ
1839 3915 1979 3983 παῖ,
2035 3910 2330 3992 πέφυκας
2384 3911 2624 3992 πατέρα
2681 3909 2795 3973 σὸν

343 3999 616 4081 στέργειν
679 3998 789 4062 ἀεί.
853 3997 1004 4061 Eur.
1066 3996 1292 4062 Bacch.
1351 3998 1496 4062 896.
1563 3996 1712 4061 Eur.
1769 3998 1868 4062 Fr.
1928 4001 2073 4063 945.
2146 4000 2373 4081 φύντες
2446 4000 2524 4063 οὗ
2588 3999 2796 4063 σκαιοὶ

341 4088 548 4170 φύσιν.
615 4089 800 4154 Alex.
855 4088 997 4171 156,
1048 4088 1102 4150 7.
1169 4086 1392 4151 Baton.
1443 4089 1500 4166 2,
1552 4089 1609 4152 8.
1677 4087 1940 4153 Philem.
1990 4089 2093 4170 90,
2139 4090 2196 4151 2.
2258 4090 2459 4171 μείζω
2505 4089 2578 4151 τὰ
2624 4088 2794 4153 κακὰ

338 4184 590 4242 ποιοῦσι
620 4178 842 4244 πολλοὶ
876 4214 957 4224 -
991 4176 1169 4241 αὐτοὶ
1201 4176 1280 4241 δι’
1311 4176 1540 4247 αὖτοὺς
1586 4181 1625 4259 ἢ
1672 4179 1921 4260 πέφυκε
1966 4184 2040 4261 τῇ
2072 4178 2273 4260 φύσει.
2317 4177 2507 4242 Thuc.
2541 4177 2794 4258 alicubi,

338 4269 667 4350 πεφύκασί
706 4292 772 4332 τε
817 4268 1085 4337 ἅπαντες
1134 4304 1217 4313 -—
1264 4267 1659 4350 ἁμαρτάνειν.
1715 4265 1882 4331 Xon.
1931 4266 2078 4349 Cyr.
2127 4267 2203 4328 V.
2256 4266 2309 4329 l.
2359 4269 2459 4329 24.
2506 4265 2796 4348 βασιλεὺς

343 4356 465 4439 γὰρ
511 4359 725 4439 ἔμοιγε
772 4357 982 4428 δοκεῖς
1027 4356 1104 4420 σὺ
1151 4357 1337 4440 φύσει
1382 4357 1747 4439 πεφυκέναι.
1806 4355 1980 4419 VIII.
2033 4357 2087 4419 7.
2138 4355 2238 4418 13.
2285 4356 2540 4426 πιστοὺς
2588 4355 2657 4418 δὲ
2699 4356 2792 4437 μὴ

341 4445 560 4528 νόμιζε
614 4448 801 4528 φύσει
856 4447 1135 4530 φύεσθαι
1191 4447 1599 4527 ἀνθρώπους.
1666 4444 1929 4508 Hieron.
1977 4443 2089 4507 III.
2140 4447 2196 4506 9.
2263 4444 2391 4507 ὑπὸ
2437 4449 2565 4508 τῶν
2610 4446 2796 4528 φύσει

340 4535 728 4619 φεφυκότων
771 4538 1036 4621 μάλιστα
1083 4537 1295 4621 φιλεῖν.
