3463 5287
638 439 771 503 208
1560 458 1812 506 οΕυιΡῦε
1857 460 2158 506 commus

636 618 788 682 Eur.
816 618 1139 683 Her.214.
1187 621 1411 702 γένους
1451 620 1572 703 μὲν
1617 621 1791 703 ἥκεις
1822 617 1955 685 ὦδε
1995 621 2225 695 τοῖσδε,
2273 621 2623 705 Δημοφῶν.
2672 621 2829 688 Isae.
2850 622 2966 687 XI.
2989 626 3094 688 26.

637 709 797 790 γένει
840 708 961 792 μὲν
1010 746 1091 755 -
1138 710 1619 794 προσηκούσης,
1666 709 1853 793 νόμῳ
1901 709 1971 774 δὲ
2016 711 2530 794 ἇποκλειομένης.
2577 710 2811 778 Herod.
2859 713 2939 777 H.
2989 715 3093 778 35.

634 798 835 880 νόμος
898 798 1033 880 ἅμα
1097 799 1285 883 κήδεϊ
1341 799 1657 881 κεκάρθαι
1719 798 1830 870 τὰς
1892 799 2176 883 κεφαλὰς
2228 799 2375 872 τοὺς
2420 802 2518 883 (ἐς
2560 800 2779 883 τοὺςΡ)
2824 803 3092 886 μάλιστα

637 888 915 951 ἱκνέεται.

817 977 962 1040 739.
1011 977 1076 1047 ἐς
1119 977 1404 1041 πλεῖστον
1449 977 1731 1063 πόλεως]
1799 979 1892 1043 Cf.
1940 980 2038 1059 Aj.
2088 980 2234 1042 502.
2300 980 2599 1054 Αἴαντος,
2664 982 2738 1051 ὃς
2799 982 3094 1064 μέγιστον

634 1067 847 1149 ἴσχυσε
895 1073 1178 1149 στρατοῦ.
1224 1066 1322 1131 Tr.
1357 1068 1502 1130 312.
1551 1069 1690 1131 ἐπεί
1728 1092 1826 1131 νιν
1869 1068 2074 1132 τῶνδε
2111 1069 2397 1133 πλεῖστον
2428 1071 2682 1152 ᾤκτισα.
2818 1069 3091 1158 πόλεως]

633 1153 1066 1239 Disyllabum,
1113 1162 1185 1219 ut
1231 1156 1299 1219 in
1346 1157 1576 1221 Aesoh.
1624 1156 1807 1220 Eum.
1859 1157 2005 1219 567.
2054 1157 2202 1220 651.
2250 1157 2415 1241 Sept.
2465 1160 2522 1221 2.
2564 1160 2709 1222 260.
2746 1162 2891 1224 535.
2939 1161 3091 1225 Eur.

634 1243 852 1329 Suppl.
899 1246 1047 1308 481.
1184 1246 1271 1315 εἷς
1314 1242 1620 1332 πλεῖστον]
1667 1246 1794 1311 Pro
1841 1247 2117 1330 Simplici
2161 1247 2464 1321 πλεῖστον,
2515 1253 2586 1312 ut
2630 1250 2694 1319 ἒς
2738 1250 2932 1313 πλέον
2977 1271 3091 1333 pro

632 1334 825 1397 πλέον
883 1332 954 1398 Ο.
986 1332 1059 1397 R.
1111 1335 1255 1397 700.
1322 1334 1392 1399 σὲ
1456 1334 1579 1418 γὰρ
1645 1336 1837 1399 τῶνδ’
1885 1337 1949 1407 ἐς
2010 1337 2204 1400 πλέον
2266 1337 2492 1420 σέβων.
2562 1339 2707 1401 918.
2773 1339 2963 1403 οὐδὲν
3027 1341 3093 1410 ἐς

632 1423 826 1487 πλέον
870 1429 1056 1487 ποιῶ.

815 1533 961 1594 741.
1006 1536 1133 1601 πᾶς
1166 1568 1249 1577 —-
1282 1530 1632 1614 Καδμείων
1678 1531 1870 1616 λεὼς]
1921 1532 2010 1597 Cf.
2041 1532 2139 1596 Tr.
2176 1534 2319 1597 194.
2365 1533 2652 1618 Μηλιεὺς
2697 1537 2867 1607 ἅπας
2911 1537 3089 1607 λεώς.

817 1621 961 1682 742.
1011 1621 1082 1684 ἐκ
1131 1619 1202 1684 δὲ
1246 1619 1397 1704 τῶν]
1447 1619 1534 1683 Of.
1568 1618 1731 1685 O.R.
1771 1622 1958 1685 1082.
2004 1629 2114 1706 τῆς
2161 1621 2283 1705 γὰρ
2313 1624 2572 1707 πέφυκα
2602 1625 2861 1708 μητρός.
2902 1627 3088 1689 1466.

633 1708 794 1772 Phil.
847 1711 1035 1772 1243.
1102 1711 1357 1792 ξύμπας
1411 1710 1688 1793 Ἀχαιῶν
1751 1710 1932 1783 λαὸς,
1997 1712 2065 1775 ἐν
2130 1711 2200 1775 δὲ
2262 1713 2456 1776 τοῖσδ’
2522 1714 2669 1798 (leg.
2716 1718 2875 1795 τοῖς)
2942 1716 3088 1797 ἐγώ.

633 1799 859 1863 Aesch.
907 1798 1091 1862 Eum.
1140 1801 1197 1862 2.
1246 1799 1317 1862 ἐκ
1366 1799 1436 1863 δὲ
1480 1806 1590 1883 τῆς
1644 1799 1857 1884 Θέμιν.
1915 1802 2143 1865 Aesch.
2191 1801 2355 1886 Sept.
2407 1804 2551 1866 912.
2598 1803 3089 1885 σιδαρόπλακτοι

635 1888 704 1952 δὲ
749 1887 896 1959 τοὺς
939 1890 1203 1971 μένουσι
1252 1925 1331 1934 -
1381 1889 1583 1972 λαχαί.
1654 1892 1797 1953 197.
1863 1890 2048 1953 Eum.
2097 1892 2155 1953 2.
2220 1893 2295 1954 ἐκ
2362 1891 2432 1955 δὲ
2493 1899 2604 1976 τῆς
2656 1891 2871 1977 Θέμιν.
2940 1895 3087 1957 261.

634 1977 736 2042 Pr.
784 1979 931 2043 860.
977 1978 1129 2041 Eur.
1176 1978 1313 2042 Alo.
1363 1978 1510 2041 274.
1568 1978 1825 2062 οἰκτρὰν
1880 1980 2164 2062 φίλοισιν,
2221 1982 2293 2043 ἐκ
2341 1980 2436 2044 δὲ·
2464 1987 2593 2045 τῶν
2636 1982 2881 2064 μάλιστ’
2927 1986 3087 2067 ἐμοί.

633 2066 848 2152 Suppl.
897 2068 1043 2131 218.
1106 2066 1271 2150 πρὸς
1335 2067 1405 2131 δὲ
1469 2074 1623 2132 τοῖσι
1680 2075 1795 2132 etc.
1873 2067 2028 2132 Plat„
2076 2068 2353 2152 Euthyd.
2404 2071 2531 2133 303
2566 2069 2629 2134 C.
2695 2073 2763 2136 ἒν
2828 2073 2899 2137 δε
2961 2080 3090 2145 τοῖς

630 2157 738 2220 καὶ
781 2161 966 2221 τοῦτο
1009 2157 1689 2240 μεγαλοπρεπέστερον.

814 2265 958 2327 743.
1007 2263 1096 2328 Cf.
1134 2265 1278 2328 792.
1325 2265 1546 2347 πολλῷ
1577 2265 1653 2347 γ’,
1700 2265 1960 2348 ὅσῳπερ
1991 2266 2098 2330 καὶ
2129 2268 2537 2349 σαφεστέρων
2567 2269 2763 2332 κλύω.
2810 2269 2906 2332 Tr.
2939 2273 3085 2334 313.

632 2355 781 2416 Ant„
833 2354 1020 2416 1051.
1154 2354 1441 2418 πλεῖστον
1489 2391 1571 2400 —
1618 2355 1945 2439 κάκιστος]
2003 2354 2092 2418 Cf.
2141 2355 2253 2419 Ph.
2303 2358 2449 2420 631.
2497 2365 2605 2440 τῆς
2648 2359 2935 2423 πλεῖστον
2979 2363 3083 2444 ἐχ-

631 2442 849 2527 θίστης
895 2443 1155 2525 ἐμοὶ-
1187 2443 1451 2526 ἐχίδνης.
1500 2442 1647 2507 Eur.
1697 2444 1863 2509 Med.
1907 2447 2095 2508 1323.
2142 2443 2201 2509 ὦ
2244 2447 2537 2529 μέγιστον
2583 2449 2837 2533 ἐχθίστη
2888 2450 3085 2531 γύναι.

812 2550 957 2613 744.
1006 2548 1095 2613 Cf.
1143 2549 1239 2613 ΕΙ.
1292 2551 1479 2613 1201.
1525 2550 1728 2633 μόνος
1775 2551 1896 2634 γὰρ
1943 2554 2088 2636 ἥκω
2133 2559 2287 2617 τοῖσι
2332 2559 2466 2624 σοῖς
2511 2554 2724 2637 ἀλγῶν
2768 2563 3008 2628 κακοῖς.

812 2640 957 2703 745.
1005 2640 1186 2714 ξένον
1234 2677 1316 2686 —
1366 2638 1623 2725 ἀλήτην]
1672 2640 1763 2706 cf.
1815 2642 2001 2705 1096.
2049 2639 2108 2706 ὦ
2155 2642 2300 2717 ξεῖν’
2347 2643 2559 2727 ἀλῆτα.

812 2729 958 2791 746.
1006 2728 1107 2792 ἐπὶ
1150 2730 1526 2812 προσπόλου
1572 2736 1723 2813 μιᾶς
1770 2768 1853 2777 -
1901 2731 2269 2815 χωροῦντα]
2336 2732 2427 2797 Cf.
2481 2735 2624 2796 148.
2689 2735 2767 2798 οὐ
2833 2735 2955 2818 γὰρ
3006 2738 3086 2799 ἂν

634 2854 716 2863 —
764 2818 865 2881 ἐπὶ
911 2823 1183 2900 σμικρᾶς
1227 2820 1427 2901 μέγας
1472 2821 1759 2903 ὥρμουν.

813 2908 958 2970 747.
1004 2906 1139 2992 τὴν]
1189 2908 1311 2972 Pro
1358 2911 1456 2991 ἣν,
1507 2910 1677 2991 quod
1722 2911 1792 2972 in
1841 2912 2089 2974 senario
2136 2931 2348 2975 rarum
2382 2916 2493 2976 est.
2572 2912 2663 2976 cf.
2698 2910 2857 2977 0.c.
2896 2914 3082 2977 1258.

630 2997 726 3060 Tr.
774 2998 877 3059 47.
928 2998 1074 3060 381.
1126 2999 1271 3061 728.
1336 2997 1432 3061 ΕΙ.
1485 2999 1672 3062 1114.
1739 3000 1851 3063 Ph.
1903 3001 2002 3063 14.
2060 3006 2125 3064 et
2170 3002 2249 3064 ad
2297 3000 2368 3065 O.
2400 2999 2473 3063 R.
2526 3001 2713 3065 1065.
2763 3002 2834 3066 Ο.
2868 3000 2931 3064 G.
2981 3005 3082 3067 35.

629 3087 697 3149 in
745 3086 990 3151 melicis
1038 3087 1136 3167 Aj.
1186 3088 1331 3150 256.
1378 3087 1492 3151 Ph.
1545 3089 1734 3152 1127.
1788 3090 1930 3152 Ant.
1980 3089 2125 3152 606.
2160 3091 2304 3152 826.
2344 3092 2532 3153 1187.
2582 3092 2679 3174 Aj.
2713 3093 2860 3155 226.
2910 3091 2981 3155 Ο.
3010 3091 3082 3155 R.

637 3176 823 3238 1427.
872 3173 943 3239 Ο.
977 3174 1043 3238 G.
1096 3176 1240 3239 702.
1289 3181 1352 3240 et
1394 3177 1465 3241 in
1512 3178 1865 3262 anapaestis
1911 3177 2009 3241 Fr.
2057 3178 2187 3242 480
2219 3177 2294 3242 D.

811 3283 955 3346 748.
1005 3281 1343 3366 construe,
1409 3284 1530 3348 οὒκ
1584 3285 1663 3348 ἄν
1716 3285 1857 3348 ποτ’
1904 3286 2096 3359 ἔδοξα
2144 3291 2354 3349 πεσεῖν
2401 3324 2512 3348 -.
2590 3285 2677 3351 Of.
2726 3286 2886 3351 Phil.
2935 3290 3081 3353 869.

630 3373 707 3436 οὗ
754 3373 877 3454 γάρ
926 3372 1087 3446 ποτ’,
1135 3369 1194 3435 ὦ
1239 3379 1379 3446 παῖ,
1424 3376 1589 3437 τοῦτ’
1635 3376 1714 3437 ἂν
1762 3374 2061 3458 ἕξηύχησ’
2110 3375 2266 3457 ἐγὼ,
2309 3378 2318 3457 Ι
2356 3377 2576 3459 τλῆναί
2615 3376 2673 3440 σ’
2721 3415 2831 3439 --.

810 3463 952 3527 750.
1003 3486 1073 3526 σε
1126 3462 1489 3546 κηδεύουσα
1544 3463 1652 3526 καὶ
1705 3463 1777 3527 τὸ
1834 3463 1948 3527 σὸν
1991 3464 2195 3548 κάρα]
2263 3464 2352 3528 Cf.
2399 3466 2485 3542 ad,
2528 3468 2624 3549 Aj.
2678 3467 2866 3530 1147.
2932 3467 3081 3531 Eur.

630 3549 732 3613 Or.
784 3551 928 3614 791.
993 3552 1149 3614 ἀλλὰ
1213 3552 1513 3635 κηδεύσω
1577 3551 1635 3615 σ’
1699 3554 1846 3635 ἐγώ.
1919 3552 2190 3617 ιὊειῒιιΙΙ.
2242 3556 2351 3638 56,
2397 3554 2500 3618 40.
2574 3556 2828 3638 ‘adjuro
2892 3561 3082 3640 teque

629 3645 943 3722 tuumque
988 3640 1215 3724 caput)
1281 3642 1409 3707 Cic.
1456 3661 1570 3726 pro
1619 3643 1806 3706 domo
1859 3644 2002 3706 145.
2067 3662 2298 3727 meque
2352 3650 2416 3707 et
2467 3663 2683 3709 meum
2739 3654 2930 3731 eaput
2975 3647 3082 3711 de-

630 3728 891 3793 voveo.”
937 3727 1176 3810 (Mein.)

810 3835 956 3899 751.
1000 3836 1396 3921 τηλικοῦτος]
1462 3836 1829 3903 Notandum
1891 3840 2254 3922 τηλικοῦτος
2310 3842 2495 3905 metri
2551 3843 2922 3906 necessitate
2967 3863 3081 3927 pro

627 3925 960 4009 τηλικαύτη
993 3927 1297 4010 positum,
1344 3928 1513 3990 utin
1545 3927 1638 3990 El.
1674 3929 1821 3991 614.
1875 3989 1879 3994 ,
1958 3929 2037 3992 οὗ
2085 3930 2313 4011 γάμων
2352 3930 2682 4015 ἔμπειρος]
2732 3931 2820 3996 Of.
2853 3932 3079 3997 Aesch.

630 4014 799 4078 Pers.
850 4015 995 4077 604.
1043 4016 1239 4098 φίλοι,
1285 4021 1512 4080 κακῶν
1555 4017 1675 4099 μὲν
1721 4018 1886 4089 ὅστις
1932 4019 2232 4101 ἔμπειρος
2275 4026 2481 4103 κυρεῖ,
2529 4027 2643 4084 etc.

809 4105 954 4167 752.
1000 4105 1365 4176 τοῦπιόντος
1411 4104 1723 4192 ἁρπάσαι]
1792 4106 1883 4171 Cf.
1934 4106 2003 4170 Ο.
2034 4107 2107 4171 R.
2159 4110 2304 4172 393.
2369 4110 2569 4173 καίτοι
2622 4109 2694 4173 τό
2742 4110 2800 4192 γ’
2847 4110 3079 4193 αἴνιγμ’

629 4193 773 4276 οὐχὶ
833 4194 1203 4266 τούπιόντος
1265 4194 1345 4278 ἦν
1395 4196 1404 4278 Ι
1453 4195 1689 4278 ἀνδρὸς
1755 4196 2022 4260 διειπεῒν.
2101 4199 2328 4262 Aesch.
2387 4198 2555 4262 Pers.
2608 4201 2751 4263 758.
2820 4199 3077 4264 δέδοικα

626 4284 717 4366 μὴ
766 4282 965 4354 πολὺς
995 4284 1272 4348 πλούτου
1311 4285 1515 4368 πόρος
1554 4286 1564 4370 Ι
1607 4285 1812 4369 οὑμὸς
1857 4287 2231 4370 ἀνθρώποις
2277 4289 2523 4371 γένηται
2552 4294 2664 4352 τοῦ
2710 4290 3080 4372 φθάσαντος

627 4372 901 4456 ἁρπαγή.

809 4462 955 4525 753.
1003 4463 1228 4526 ἄθλιον
1270 4464 1590 4534 τοῦνειδος
1622 4502 1703 4510 —-
1739 4465 2009 4529 ὠνείδισ’
2057 4467 2142 4537 εἷς
2188 4465 2289 4550 σὲ]
2340 4465 2427 4530 Cf.
2467 4465 2618 4531 Eur.
2649 4468 2785 4551 Iph.
2817 4468 2896 4531 A.
2932 4469 3076 4532 305.

625 4550 824 4613 καλόν
870 4552 941 4633 γέ
982 4574 1097 4634 μοι
1140 4553 1459 4624 τοῦνειδος
1504 4554 1917 4627 ἐξωνείδισας.
