3463 5287
1400 445 1760 491 macnmun
2676 426 2807 492 485

534 605 724 670 1019.
772 604 861 670 cf.
909 605 1059 669 Ant.
1109 605 1254 669 768.
1309 606 1622 688 φρονείτω
1674 606 1895 688 μεῖζον
1945 607 1985 689 ἢ
2031 603 2171 668 κατ’
2216 604 2400 688 ἄνδρ’
2445 605 2580 671 ίών.
2628 605 2700 670 0.
2731 604 2806 670 R.

356 696 546 759 1293.
618 693 691 759 τὸ
755 694 878 778 γὰρ
942 693 1193 778 νόσημα
1259 695 1479 777 μεῖζον
1542 697 1582 779 ἢ
1649 696 1881 779 φέρειν.
1947 694 2019 759 0.
2053 693 2120 759 C.
2169 695 2315 758 598.
2363 695 2511 759 890.
2575 696 2807 761 Aesch.

351 784 537 849 Eum.
584 784 734 849 470.
795 784 868 848 τὸ
930 789 1196 869 πρᾶγμα
1258 785 1477 866 μεῖζον
1539 785 1582 867 ἤ
1644 808 1733 856 τις
1789 785 1979 848 οἴεται
2041 783 2187 848 τόδε
2227 782 2236 867 Ι
2275 783 2506 868 βροτὸς
2552 786 2622 868 (ἢ
2668 783 2807 848 κατ’

354 874 729 958 ἀνθρώπων
773 873 905 938 τινὰ
950 875 1205 958 βροτῶν
1215 874 1269 953 Ρ)
1317 873 1607 949 δικάζειν.
1653 873 1806 938 Eur.
1838 872 2004 938 Med.
2040 874 2186 937 675.
2233 873 2550 957 σοφώτερ’
2597 875 2637 957 ἢ
2669 873 2808 938 κατ’

353 964 556 1048 ἄνδρα
604 963 947 1048 συμβαλεῖν
991 964 1130 1047 ἔπη.
1194 960 1346 1027 Eur.
1392 962 1492 1028 Fr.
1543 962 1734 1046 1068,
1787 963 1882 1027 10.
1938 961 2166 1046 ἀρετὴν
2220 962 2490 1046 ἐχούσης
2535 963 2808 1047 (χώρας)

351 1051 591 1137 μείζον’
646 1055 686 1137 ἢ
742 1053 917 1135 λόγῳ
972 1053 1229 1136 φράσαι.
1276 1052 1471 1117 Arist.
1519 1052 1707 1136 Vesp.
1759 1052 1906 1116 650.
1960 1051 2239 1135 χαλεπὸν
2282 1050 2403 1135 μὲν
2446 1051 2555 1116 καὶ
2601 1052 2809 1138 δεινῆς

355 1143 617 1226 γνώμης
660 1141 769 1206 καὶ
811 1142 1106 1224 μείζονος
1151 1144 1191 1226 ἢ
1243 1139 1332 1204 ’πὶ
1368 1141 1720 1225 τρυγῳδοῖς
1761 1141 1770 1225 Ι
1810 1141 2112 1205 ἰάσασθαι
2157 1140 2350 1205 νόσον
2381 1141 2651 1224 ἀρχαίαν
2679 1142 2807 1206 κτλ.

354 1231 512 1296 Plat.
559 1230 722 1296 Crat.
769 1252 827 1316 p.
875 1231 1003 1294 392
1035 1230 1110 1295 B.
1172 1236 1364 1295 ταῦτα
1426 1229 1547 1314 μὲν
1606 1231 1810 1314 μείζω
1874 1229 2035 1295 ἐστὶν
2098 1232 2138 1314 ἢ
2193 1229 2334 1295 κατ’
2389 1230 2504 1314 ἐμὲ
2566 1230 2676 1294 καὶ
2737 1231 2808 1296 σὲ

354 1324 645 1404 ἐξευρεῖν.
708 1318 889 1387 Dem.
948 1320 1103 1404 156,
1159 1322 1216 1384 5.
1280 1320 1543 1404 φορτίον
1603 1321 1824 1403 μεῖζον
1888 1322 1928 1404 ἢ
1992 1319 2148 1384 καθ’
2212 1319 2406 1384 αὕτὸν
2469 1319 2806 1403 ἀράμενος.

354 1410 545 1475 Thuc.
590 1409 640 1474 I.
691 1409 789 1474 76.
849 1410 1225 1492 δικαιότεροι
1280 1411 1320 1493 ἢ
1365 1408 1526 1473 κατὰ
1581 1409 1695 1494 τὴν
1750 1410 2167 1492 ὑπάρχουσαν
2222 1408 2508 1492 δύναμιν.
2573 1407 2654 1473 11.
2704 1410 2806 1475 50.

353 1498 425 1563 τὸ
471 1498 639 1571 εἶδος
679 1505 790 1583 τῆς
834 1498 1028 1565 νόσου
1077 1536 1158 1546 -
1208 1498 1666 1582 χαλεπωτέρως
1711 1501 1752 1583 ἢ
1799 1498 1961 1563 κατὰ
2006 1498 2119 1582 τὴν
2165 1498 2578 1581 ἀνθρωπείαν
2617 1499 2808 1583 φύσιν

353 1589 772 1673 προσέπιπτεν
816 1589 1081 1672 ἑκάστῳ.
1137 1588 1371 1652 Herod.
1404 1586 1581 1653 VIII.
1615 1589 1716 1653 38.
1767 1588 1885 1652 δύο
1932 1588 2185 1660 ὁπλίτας
2236 1588 2514 1671 μέζονας
2559 1590 2599 1672 ἢ
2645 1587 2806 1652 κατὰ

355 1679 731 1761 ἀνθρώπων
783 1678 925 1762 (leg.
969 1679 1209 1761 μέζονα
1264 1680 1304 1762 ἢ
1358 1677 1520 1742 κατὰ
1575 1678 1952 1761 ἄνθρωπον)
2007 1677 2199 1761 φύσιν
2248 1678 2522 1760 ἔχοντας.
2600 1677 2807 1744 Schol.

352 1769 549 1833 Arist.
596 1769 715 1831 Av.
757 1769 945 1832 1302.
992 1768 1030 1832 ὅ
1077 1767 1148 1832 δὲ
1191 1767 1482 1851 πηνέλοψ
1526 1768 1767 1851 μείζων
1810 1765 1931 1850 μὲν
1975 1769 2015 1851 ἢ
2061 1765 2222 1831 κατὰ
2268 1773 2510 1851 νῆτταν,
2555 1767 2683 1831 κτλ.

536 1858 724 1921 1021.
770 1857 903 1922 οὔτ’
949 1857 1217 1922 ἔνδοθεν
1262 1858 1405 1921 οὔτε
1447 1854 1766 1940 θύραθεν]
1814 1855 1904 1921 Cf.
1951 1856 2103 1920 Eur.
2152 1855 2353 1921 Orest.
2402 1856 2548 1921 603.
2595 1855 2690 1928 οἷς
2737 1855 2808 1921 δὲ

351 1946 444 2030 μὴ
499 1947 829 2012 πίπτουσιν
882 1944 952 2011 εὖ
1000 1946 1237 2030 (γάμοι)
1277 1946 1286 2029 Ι
1326 1946 1401 2010 τά
1443 1946 1496 2010 τ’
1542 1946 1729 2011 ἔνδον
1784 1945 1896 2010 εἰσὶ
1948 1946 2023 2009 τά
2068 1970 2133 2010 τε
2177 1945 2424 2028 θύραζε
2469 1944 2807 2028 (θύρασιΡ)

357 2036 546 2101 δυστυ
590 2042 691 2107 εῖς.

536 2061 725 2189 1χο34.
770 2124 1039 2210 κλῇδος]
1105 2125 1196 2190 Of.
1242 2124 1430 2190 Hom.
1475 2123 1549 2188 Il.
1598 2126 1659 2209 5,
1708 2125 1855 2189 579.
1925 2126 2097 2208 ἔγχεϊ
2153 2124 2300 2200 νύξε
2361 2123 2523 2188 κατὰ
2578 2124 2807 2209 κληῖδα

356 2239 426 2279 τυ
510 2238 589 2279 σα
628 2263 642 2277 .

426 2240 508 2298 m
536 2239 724 2368 1535.
770 2302 1107 2388 ἐχόλωσεν]
1155 2303 1492 2368 Passivum
1521 2303 1837 2387 χολωθεὶς
1867 2309 1963 2368 est
1991 2303 2143 2368 Ant.
2167 2303 2357 2368 1235.
2382 2302 2545 2367 Phil.
2570 2303 2718 2367 374.

538 2394 725 2457 1041.
771 2392 1138 2478 αὔθαίμων]
1186 2390 1274 2457 Cf.
1322 2392 1481 2458 0.0.
1518 2393 1705 2457 1078.
1754 2399 1818 2458 et
1856 2413 1957 2455 VV.
1990 2394 2308 2476 ὁμαίμων,
2354 2392 2806 2476 αὖθομαίμων.

539 2483 725 2546 1042.
773 2482 1063 2567 εὔνασον]
1086 2481 1175 2546 Cf.
1197 2481 1268 2546 0.
1291 2481 1363 2546 R.
1386 2482 1530 2546 961.
1552 2481 1790 2566 σμικρὰ
1821 2481 2056 2545 παλαιὰ
2077 2480 2322 2565 σώματ’
2341 2482 2586 2557 εὖνάζει
2615 2483 2806 2566 ῥοπή.

539 2572 724 2637 1044.
770 2572 1031 2637 κλύουσ’
1087 2573 1315 2655 ἔφριξα
1368 2572 1557 2636 τάσδε
1610 2572 1984 2658 συμφοράς]
2050 2568 2282 2635 Cf.E1.
2335 2571 2524 2637 1408.
2580 2569 2809 2657 ἥκουσ’

352 2663 712 2747 ἀνήκουστα
760 2663 1064 2734 δύστανος
1109 2662 1272 2727 ὥστε
1316 2665 1552 2746 φρῖξαι.
1597 2663 1697 2744 Aj.
1748 2661 1894 2726 693.

536 2753 724 2816 1045.
771 2733 1119 2837 ἐλαύνεται]
1169 2749 1255 2816 Cf.
1303 2753 1405 2835 Aj.
1454 2753 1601 2816 272.
1649 2749 1721 2815 0.
1754 2750 1826 2816 R.
1876 2751 1978 2815 28.
2024 2751 2176 2815 Eur.
2213 2750 2350 2816 Ion.
2386 2751 2577 2815 1619.
2623 2751 2808 2816 ἐλαύ-

353 2865 519 2996 ’xlm‘
544 2847 1042 2994 ἑὲῖσυμφοραῖς.
1083 2841 1284 2905 Andr.
1307 2842 1409 2905 31.
1439 2846 1665 2912 κακοῖς
1694 2839 1859 2924 πρὸς
1890 2840 2084 2924 αὐτῆς
2114 2840 2410 2923 σχετλίοις
2447 2840 2809 2924 ἐλαύνομαι.

441 2951 478 2997 0

536 3020 706 3085 1046
738 3039 830 3104 sq.
895 3019 988 3086 cf.
1056 3017 1249 3085 Cieer.
1312 3019 1492 3084 Taso.
1548 3017 1630 3083 II.
1689 3020 1748 3083 8.
1821 3017 1994 3083 “Sed
2058 3018 2392 3082 videamus
2463 3017 2810 3082 Herculem

355 3111 593 3194 ipsum,
658 3111 771 3193 qui
834 3115 967 3174 tum
1033 3109 1248 3174 dolore
1309 3107 1721 3192 frangebatur
1795 3127 1998 3190 quum
2060 3106 2598 3172 immortalitatem
2675 3107 2812 3190 ipsa

354 3204 557 3264 morte
603 3199 962 3283 quaerebat.
1040 3197 1213 3275 Quas
1278 3199 1379 3262 hic
1443 3216 1632 3262 voces
1686 3197 1854 3281 apud
1914 3196 2288 3280 Sophoclem
2346 3196 2416 3259 in
2459 3195 2811 3260 Trachiniis

357 3289 515 3353 edit!
574 3288 695 3353 Cui
742 3308 940 3372 quum
988 3287 1296 3354 Deianira
1349 3288 1661 3371 sanguine
1708 3287 2009 3353 Centauri
2065 3285 2330 3350 tinctam
2386 3285 2668 3350 tunicam
2716 3285 2811 3347 in-

358 3377 625 3460 duisset,
670 3379 1172 3462 inhaesissetque
1218 3376 1601 3459 visceribuS,
1647 3377 1737 3441 ait
1781 3373 1928 3440 ille!

539 3467 727 3531 1046.
773 3467 1019 3554 θερμὰ]
1086 3468 1177 3533 Cf.
1229 3468 1422 3532 Arist.
1469 3465 1562 3529 Pl.
1611 3467 1760 3529 415.
1825 3462 1884 3529 ὦ
1947 3462 2196 3547 θερμὸν
2259 3465 2449 3547 ἔργον
2510 3461 2810 3528 κάνόσιον

356 3555 464 3621 καὶ
508 3557 905 3639 παράνομον.
951 3555 1343 3641 Antiph.11.
1393 3558 1450 3621 7.
1497 3555 1539 3619 ὅ
1580 3579 1644 3619 τε
1688 3555 1899 3639 φόβος
1932 3590 2014 3599 -
2046 3553 2440 3637 θερμότερον
2484 3553 2811 3635 ἐπιχειρεῖν

358 3646 607 3729 ἐπῆρεν.
654 3646 885 3711 Aesch.
932 3644 1078 3710 Cho.
1131 3646 1320 3710 1004.
1396 3643 1512 3721 Qu.
1560 3644 1751 3710 δεινά.

542 3736 730 3799 1048.
777 3736 1011 3807 ἄκοιτις
1055 3737 1095 3819 ἡ
1145 3733 1326 3819 Διὸς]
1376 3733 1466 3798 Cf.
1514 3736 1614 3815 Aj.
1665 3735 1810 3798 952.
1859 3732 2072 3816 Ζηνὸς
2116 3733 2155 3816 ἡ
2207 3731 2376 3815 δεινὴ
2423 3731 2595 3802 θεός.

543 3824 730 3888 1051.
776 3825 1079 3908 καθῆψεν
1124 3825 1331 3907 ὤμοις
1379 3859 1461 3868 -
1510 3822 1811 3907 ὕφασμα]
1870 3821 1959 3886 Cf.
2006 3824 2157 3886 Ant.
2208 3822 2396 3885 1222.
2450 3820 2676 3905 βρόχῳ
2730 3857 2809 3867 -

360 3912 804 3999 καθημμένην.
850 3915 1004 3979 Eur.
1037 3914 1169 3979 Ion.
1208 3914 1394 3978 1006.
1443 3912 1509 3975 ἔν
1552 3919 1646 3995 τῷ
1689 3913 2026 3994 καθάψασ’
2073 3910 2239 3993 ἀμφὶ
2268 3909 2445 3974 παιδὶ
2482 3911 2812 3993 σώματος,·

359 4002 548 4069 Rhes.
582 4004 727 4068 202.
855 4002 1166 4085 Ἐρινύων
1211 4000 1494 4085 ὕφαντόν
1540 4001 2042 4086 ἀμφίβληστρον]
2091 3999 2181 4064 Cf.
2210 4001 2310 4083 Aj.
2347 3999 2536 4064 1034.
2581 4000 2810 4064 Aesch.

359 4095 479 4175 Ag.
531 4094 720 4158 1580.
766 4092 991 4157 ι’δὼν’
957 4097 1258 4176 υφαντοῖς
1302 4092 1370 4156 ἕν
1398 4091 1659 4162 πέπλοις
1695 4089 2006 4172 Ἐρινύων
2045 4089 2056 4174 Ι
2094 4089 2202 4153 τὸν
2232 4089 2437 4171 ἄνδρα
2474 4088 2656 4153 τόνδε
2684 4089 2809 4153 κεί-

356 4205 572 4266 μενον.
626 4182 811 4246 1084.
858 4181 897 4265 ἦ
949 4182 1200 4247 δίκτυον
1244 4180 1376 4245 τόδ’
1423 4179 1623 4262 <fidem

546 4272 734 4335 1053.
779 4270 1227 4356 προσμαχθὲν]
1276 4269 1365 4335 Cf.
1410 4269 1666 4335 Theocr.
1714 4266 1864 4333 XII.
1915 4270 2015 4332 32.
2081 4269 2153 4340 ὃς
2218 4266 2289 4332 δέ
2340 4291 2416 4334 κε
2469 4265 2811 4350 προσμάξῃ

361 4361 799 4445 γλυκερώτερα
846 4361 1068 4445 χείλεσι
1112 4361 1280 4444 χείλη
1328 4360 1455 4423 κτλ.
1503 4360 1692 4423 Arist.
1741 4357 1856 4441 Eq.
1906 4358 2052 4421 815.

546 4451 733 4514 1054.
782 4449 874 4514 Of.
922 4448 1070 4514 Ειιι.
1117 4449 1216 4514 Fr.
1267 4451 1412 4513 983.
1461 4446 1630 4519 οἶνος
1674 4447 1957 4529 περάσας
2000 4447 2381 4529 πλευμόνων
2428 4444 2748 4529 διαρροάς.

545 4541 733 4604 1055.
781 4538 1141 4624 ξυνοικοῦν]
1198 4537 1430 4604 Cf.E1.
1482 4539 1625 4601 784.
1682 4537 1798 4622 ἥδε
1851 4535 1975 4623 γὰρ
2017 4537 2257 4622 μείζων
2300 4536 2510 4624 βλάβη
2551 4537 2561 4620 Ι
2602 4534 2810 4611 ξύνοι-
