3463 5287
1419 435 1669 480 omlpus
1715 435 1837 479 Rtx
2728 417 2855 479 349

405 595 629 670 ἐξελεῖν
673 594 743 658 τὸ
789 600 1005 678 τεῖχος.
1071 592 1187 658 ΙΧ.
1226 595 1368 658 177.
1425 595 1740 677 ἤσχαλλον
1788 596 1849 658 οἱ
1885 595 2226 678 Ἀθηναῖοι.
2304 593 2531 660 Forma
2576 595 2857 678 ἀσχαλᾶν

406 685 639 769 legitur
685 683 893 749 Prom.
934 685 1081 747 243.
1136 684 1302 754 ὅστις
1357 689 1554 748 σοῖσιν
1600 684 1678 747 οὗ
1725 683 2089 798 ξυνασχαλᾷ
2129 683 2137 767 Ι
2175 682 2470 766 μόχθοις.
2525 684 2675 748 Eur.
2722 682 2855 768 Iph.

402 777 480 839 A.
530 775 674 838 920.
731 774 1042 838 ἐπίσταται
1101 772 1171 837 δὲ
1225 771 1500 856 (θυμὸς)
1555 778 1684 844 τοῖς
1727 773 1985 837 κακοῖσί
2032 773 2084 835 τ’
2139 772 2439 856 ἀσχαλᾶν,
2494 773 2620 840 κτλ.
2666 771 2855 838 Hom.

399 862 472 926 ΙΙ.
531 864 600 945 2,
656 863 803 927 297.
870 862 1232 946 ἀσχαλάαν.
1305 861 1670 926 Archiloch.
1736 860 1833 925 Fr.
1884 862 2005 945 60,
2060 862 2117 925 6.
2190 868 2478 927 κακοῖσιν
2542 861 2853 951 ἀσχάλαΙ

397 953 490 1036 μὴ
537 913 739 1106 λί29139.
773 1042 1093 1124 τύραννον
1138 1040 1331 1106 αὐτὸν
1377 1078 1459 1088 -
1437 1039 1863 1194 3στήσουσιν]
1912 1040 2002 1106 Cf.
2047 1043 2198 1106 Ant.
2247 1041 2394 1105 666.

582 1132 729 1194 941.
775 1130 865 1196 cf.
925 1132 1120 1195 Arist.
1175 1131 1332 1196 Bau.
1567 1131 1625 1193 τί
1685 1130 1778 1206 δ’,’
1852 1131 1972 1195 οὐκ
2027 1130 2266 1214 Ἰοφῶν
2330 1132 2440 1214 ζῇ,’
2516 1130 2657 1196 Pac
2709 1132 2854 1196 700.

489 1220 798 1305 ἐγκρατὴς
852 1219 969 1304 ἔτι]
1035 1218 1131 1284 Se.
1178 1226 1288 1304 τῆς
1342 1218 1642 1302 Ἰσθμίας.
1718 1220 1991 1303 Anglice
2053 1227 2182 1302 yet
2243 1221 2321 1283 in
2386 1239 2661 1304 power,
2724 1227 2856 1303 yet

402 1310 627 1373 ruler.
699 1309 791 1374 Cf.
848 1308 920 1374 O.
953 1309 1020 1375 C.
1081 1310 1269 1374 1022.
1341 1310 1458 1374 Ph.
1508 1311 1608 1372 75.
1675 1306 1841 1374 Xan.
1897 1306 2065 1374 Hell.
2112 1309 2227 1374 III.
2280 1311 2332 1373 1.
2386 1311 2483 1373 14.
2549 1310 2857 1394 ἐγκρατὴς

403 1400 685 1482 γίνεσθαι
748 1405 857 1482 τῆς
917 1398 1230 1470 Αἰολίδος.
1305 1399 1383 1461 V.
1446 1399 1499 1461 l.
1557 1400 1657 1461 25.
1731 1398 1890 1481 ὅσης
1961 1399 2268 1482 ἐγκρατὴς
2339 1397 2419 1481 ἦν
2487 1397 2853 1483 Τηρίβαζος.

409 1487 547 1552 VII.
601 1490 653 1551 1.
703 1490 804 1551 32.
852 1489 1170 1571 ἐγκρατεῖς
1216 1524 1300 1536 —-
1346 1493 1458 1552 τοῦ
1504 1487 1860 1557 Σικυῶνος.
1905 1487 2141 1552 Herod.
2191 1486 2366 1552 VIII.
2413 1489 2516 1552 49.

584 1579 727 1642 942.
775 1578 843 1642 ἐν
887 1576 1142 1663 τάφοις]
1191 1576 1280 1642 Cf.
1327 1575 1424 1640 El.
1471 1577 1619 1640 443.
1667 1577 1784 1641 οὖν
1829 1577 2079 1661 τάφοισι
2127 1614 2210 1624 -
2259 1578 2461 1648 νέκυς.

582 1668 726 1731 943.
775 1665 866 1731 Cf.
917 1665 988 1732 Ο.
1020 1664 1085 1730 C.
1123 1667 1311 1731 1583.
1359 1666 1562 1731 ὄλωλε
1608 1665 1730 1750 γὰρ
1779 1666 2116 1750 δύστηνος,’
2161 1665 2296 1731 ΑΓ.
2344 1666 2437 1737 ὡς
2481 1665 2850 1753 λελοιπόταὶ

398 1762 606 1821 κεῖνον
657 1756 768 1821 τὸν
821 1755 917 1820 ἀεὶ
969 1756 1273 1838 (ninom)
1324 1757 1538 1839 βίοτον
1591 1756 1969 1830 ἐξεπίστασο.
2149 1753 2208 1820 ὦ
2256 1755 2464 1842 γέρον]
2522 1754 2614 1820 Cf.
2667 1757 2854 1820 1001.

407 1847 608 1928 γέρον.
659 1846 803 1910 990.
852 1847 1076 1930 γεραιέ.
1129 1846 1317 1910 1009.
1369 1846 1556 1910 1011.
1610 1845 1799 1912 1013.
1850 1846 2042 1909 1111.

581 1936 726 1999 944.
772 1934 935 2009 ἀξιῶ
980 1932 1222 2020 θανεῖν]
1287 1937 1319 1997 Ι
1369 1935 1546 1999 hold
1613 1934 1890 2017 myself
1952 1934 2365 2019 deserving
2420 1941 2491 1999 to
2548 1935 2684 2001 die.
2764 1935 2853 1999 Of.

399 2024 494 2087 Τι’.
544 2025 692 2087 410.
748 2025 937 2088 ποίαν
982 2025 1181 2099 ἀξιοῖς
1237 2025 1459 2088 δοῦναι
1517 2024 1717 2106 δίκην,
1760 2024 1770 2106 Ι
1809 2027 1889 2108 ἢν
1952 2024 2226 2108 εὑρεθῇς
2273 2061 2355 2071 -
2414 2025 2479 2095 ἐς
2532 2025 2716 2108 τήνδε
2758 2025 2851 2108 μὴ

403 2113 646 2184 δίκαιος
691 2114 820 2191 ὤν,’
864 2113 1058 2178 Arist.
1104 2112 1261 2178 Rau.
1312 2114 1502 2177 1012.
1552 2114 1696 2177 944.
1744 2112 1860 2195 Eq.
1914 2114 2058 2177 182.
2103 2113 2295 2179 Thue.
2343 2112 2486 2176 VII.
2541 2115 2637 2177 15.

578 2203 724 2267 945.
771 2203 865 2274 ὡς
919 2202 1142 2288 τάχος]
1218 2202 1308 2268 cf.
1361 2204 1549 2265 1154.
1626 2200 1697 2265 O.
1733 2200 1799 2266 C.
1853 2203 2039 2266 1398.
2114 2203 2213 2284 Aj.
2274 2204 2418 2266 578.
2477 2204 2621 2267 593.
2688 2203 2852 2268 Phil.

401 2293 544 2356 924.
590 2290 690 2357 Fr.
739 2293 887 2356 235.

578 2383 723 2446 946.
772 2380 859 2446 cf.
907 2382 1134 2447 Aesoh.
1185 2381 1334 2446 Cho.
1385 2382 1531 2446 887.
1586 2388 1714 2446 ποῦ
1775 2381 1854 2465 δὴ
1911 2380 1985 2445 τὰ
2031 2380 2218 2446 λοιπὰ
2266 2379 2487 2464 (σεμνὰ
2536 2389 2648 2446 aut
2690 2383 2849 2465 λαμ-

396 2471 528 2554 πρὰ
540 2471 596 2553 Ρ)
641 2470 883 2545 Λοξίου
946 2472 1352 2555 μαντεύματα
1401 2471 1412 2556 Ι
1463 2471 1534 2535 τὰ
1591 2471 2011 2556 πυθόχρηστα
2066 2471 2250 2536 πιστά
2295 2471 2348 2534 τ’
2395 2472 2817 2555 εὐορκώματα
2829 2496 2852 2548 ,·

397 2560 631 2646 Adesp.
679 2562 826 2625 372.
873 2566 1001 2625 ποῦ
1050 2561 1171 2645 γὰρ
1216 2560 1289 2625 τὰ
1338 2560 1535 2643 σεμνά
1582 2566 1757 2625 κεῖνα
1808 2586 1924 2639 —,·

577 2652 723 2716 947.
770 2651 849 2715 ἵν’
896 2650 1062 2737 έστέ]
1122 2650 1210 2716 Cf.
1260 2653 1406 2715 953.
1464 2651 1686 2717 σκόπει
1737 2688 1819 2698 -—
1866 2652 1941 2714 τὰ
1990 2650 2166 2735 σέμν’
2212 2652 2290 2716 ἵν’
2337 2653 2476 2735 ἥκει
2530 2658 2642 2717 τοῦ
2688 2653 2850 2717 θεοῦ

395 2741 818 2824 μαντεύματα.
871 2742 1057 2804 1311.
1105 2738 1164 2805 ὦ
1211 2741 1460 2825 δαῖμον,
1505 2740 1584 2805 ἵν’
1615 2742 1771 2825 ἥλω.
1819 2743 1967 2805 413.
2016 2742 2094 2805 οὗ
2139 2741 2388 2825 βλέπεις
2432 2740 2510 2806 ἵν’
2541 2740 2600 2805 εἴ
2622 2748 2850 2806 κακοῦ.

399 2831 545 2893 367.
593 2830 732 2894 οὔδ’
780 2831 941 2913 δρᾶν
995 2829 1074 2895 ἵν’
1120 2829 1180 2894 εἴ
1217 2836 1427 2895 κακοῦ
1483 2834 1576 2911 (σε
1621 2832 1835 2915 φημί).
1894 2830 2039 2894 687.
2087 2831 2246 2914 δρᾷς
2290 2830 2368 2894 ἵν’
2413 2832 2617 2913 ἥκεις,·
2677 2829 2747 2894 Ο.
2783 2831 2849 2897 C.

399 2920 544 2981 937.
589 2918 740 2984 Eur.
786 2919 928 2985 Hel.
975 2921 1123 2984 401.
1171 2920 1522 3003 Αἴγυπτος,’
1568 2917 1627 2984 ὦ
1674 2920 2007 3004 δύστηνος,
2055 2920 2122 2983 οἵ
2157 2919 2459 2984 πέπλευκ’
2506 2921 2649 3003 ἄρα.

576 3010 721 3073 949.
769 3007 861 3073 Cf.
919 3008 1031 3073 Ph.
1090 3010 1237 3073 334.
1301 3009 1608 3093 τέθνηκεν
1670 3008 1908 3091 ἀνδρὸς
1963 3009 2243 3080 ,οὐδενὸς
2306 3009 2469 3073 θεοῦ
2535 3010 2594 3074 δ’
2658 3011 2787 3074 ὕπο
2837 3008 2845 3095 Ι

393 3098 697 3172 τοξευτός.
742 3097 839 3162 Τι’.
877 3098 1066 3162 1160.
1113 3098 1278 3182 πρὸς
1320 3103 1451 3163 τῶν
1495 3098 1818 3163 πνεόντων
1862 3100 2013 3179 (τῶν
2059 3098 2462 3181 ἐμπνεόντων
2473 3101 2527 3181 Ρ)
2570 3099 2850 3182 μηδενὸς

393 3188 614 3252 θανεῖν
657 3189 804 3252 ὕπο.
851 3189 999 3252 Ant.
1049 3190 1151 3253 51.
1198 3187 1400 3253 Ph.6
1407 3189 1462 3251 6.

574 3277 719 3341 950.
767 3274 826 3341 ὦ
871 3278 1165 3361 φιλτατσν
1211 3314 1298 3325 —-
1343 3276 1547 3361 κάρα]
1613 3275 1703 3342 Of.
1759 3275 1911 3340 Eur.
1965 3276 2122 3342 Hoc.
2181 3277 2327 3342 670.
2404 3277 2476 3340 τὸ
2546 3279 2848 3361 βακχεῖον

393 3367 561 3449 κάρα
611 3403 695 3415 —-
742 3365 1144 3449 Κασάνδρας.
1204 3367 1380 3451 Virg.
1428 3367 1590 3431 Aen.
1637 3366 1749 3430 IV.
1798 3366 1945 3430 490.
2010 3366 2280 3449 ‘Testor‚
2348 3386 2520 3448 cara,
2576 3366 2730 3431 deos
2785 3374 2850 3430 et

394 3464 482 3539 te,
547 3474 876 3540 germana,
942 3464 1252 3540 tuumque
1293 3457 1303 3541 Ι
1345 3456 1531 3520 dulce
1594 3456 1823 3540 caput)
1887 3454 2043 3521 Hor.
2091 3454 2206 3521 od.
2254 3455 2303 3519 I.
2353 3458 2453 3519 24.
2512 3458 2666 3519 ‘tam
2714 3457 2847 3520 cari

393 3544 657 3629 capitis)
2504 3572 2505 3575 ¹

572 3636 718 3699 951.
765 3636 823 3698 τί
878 3638 948 3719 μ’
1014 3636 1361 3719 ἔξεπέμψω
1411 3634 1562 3720 -,’]
1637 3632 1724 3699 Cf.
1775 3631 1844 3698 Ο.
1878 3633 1942 3698 C.
1993 3635 2138 3699 602.
2213 3640 2355 3706 πῶς
2421 3635 2576 3719 δῆτά
2642 3634 2700 3699 d’
2764 3638 2847 3699 ἂν

390 3725 751 3807 πεμψαίαθ’
799 3749 917 3802 -,’

571 3814 717 3878 953.
764 3813 837 3878 τὰ
886 3815 1064 3898 σέμν’
1108 3816 1186 3879 ἵν’
1233 3817 1372 3899 ἥκει
1421 3812 1537 3898 —-]
1603 3814 1696 3879 Cf.
1747 3815 1892 3877 946.
1941 3815 2167 3879 Aesch.
2201 3812 2350 3880 Cho.
2386 3813 2532 3878 900.
2587 3819 2715 3878 ποῦ
2765 3814 2843 3897 δὴ

389 3902 463 3966 τὰ
509 3902 697 3967 λοιπὰ
745 3904 807 3986 (l.
856 3903 1077 3988 σεμνὰ)
1123 3904 1363 3978 Λοξίου
1407 3904 1812 3991 μαντεύματα
1862 3928 1979 3980 -,·
2040 3903 2218 3988 Trag.
2265 3903 2475 3988 adesp.
2525 3905 2672 3968 372.
2718 3909 2846 3969 nov

392 3992 514 4075 γὰρ
566 3992 640 4057 τὰ
707 3993 905 4077 σεμνὰ
970 3999 1177 4072 κεῖνα,’
1231 4000 1358 4058 ποῦ
1425 3993 1495 4057 δὲ
1550 3994 1794 4076 Λυδίης
1842 3994 1852 4077 Ι
1899 3995 2099 4076 μέγας
2165 3994 2473 4077 δυνάστης
2535 3991 2814 4074 Κροῖσος
2820 4016 2847 4069 ,⁰

389 4082 489 4164 Aj.
529 4083 715 4148 1107.
763 4083 836 4147 τὰ
884 4082 1061 4166 σέμν’
1109 4085 1246 4168 ἔπη.
1382 4083 1461 4147 ἵν’
1507 4082 1677 4169 ἥκει]
1724 4082 1774 4146 Ι.
1807 4101 1857 4147 e.
1908 4101 2097 4165 quam
2147 4082 2473 4147 mendacia
2520 4101 2588 4147 Se
2635 4087 2846 4147 osten-

390 4171 614 4237 derint.
691 4171 781 4237 Of.
831 4170 901 4237 O.
935 4171 1002 4237 O.
1053 4174 1197 4237 937.
1244 4173 1403 4256 δρᾷς
1448 4171 1526 4237 ἵν’
1572 4173 1779 4256 ἥκειςς

571 4262 716 4325 955.
765 4259 853 4325 Cf.
913 4261 1007 4325 El.
1066 4262 1212 4326 881.
1288 4263 1407 4346 οὐχ
1481 4263 1659 4346 ὕβρει
1710 4260 1720 4347 Ι
1770 4262 1936 4343 λέγω
2001 4262 2155 4337 τάδ’,
2229 4261 2364 4326 ἀλλ’
2439 4262 2679 4326 ἐκεῖνον
2751 4260 2847 4332 ὡς

388 4350 675 4434 παρόντα
740 4358 889 4434 νῷν.
962 4352 1149 4415 1341.
1215 4351 1529 4434 ἤγγειλας,
1593 4351 1688 4423 ὡς
1751 4352 1944 4424 ἔοικέ,
2007 4354 2077 4434 μ’
2133 4351 2228 4422 ὡς
2281 4351 2647 4435 τεθνηκότα.
2696 4351 2843 4415 882.

389 4438 501 4502 Ph.
536 4441 683 4504 253.
731 4440 825 4512 ὡς
867 4440 1073 4524 μηδὲν
1118 4440 1303 4505 εἰδότ’
1350 4441 1480 4504 ἴσθι
1510 4440 1581 4523 μ’
1614 4438 1710 4504 ὧν
1756 4440 2112 4523 ἀνιστορεῖς.
2158 4440 2253 4505 Τι’.
2289 4442 2434 4505 289.
2482 4439 2703 4525 φρόνει
2751 4465 2845 4505 νιν

388 4528 482 4599 ὥς
529 4530 775 4613 ἥξοντα.
826 4528 896 4593 O.
930 4527 994 4594 C.
1051 4531 1235 4594 1583.
1283 4529 1376 4601 ὡς
1422 4530 1747 4594 λελοιπότα
1789 4531 1798 4615 l
1840 4536 2049 4594 κεῖνον
2098 4567 2178 4578 -
2228 4532 2606 4605 ἐξεπίστασο.
