3463 5287
1464 404 1824 451 memma
2738 384 2865 448 477

448 618 460 631 .
597 567 744 631 800.
805 566 971 630 ὅπου
1017 564 1108 649 μὴ
1161 565 1267 650 -]
1316 564 1407 630 Of.
1457 565 1553 647 Aj.
1604 565 1753 629 659.
1819 563 2056 646 ὀρύξας
2119 564 2278 628 ἔνθα
2323 563 2416 646 μή
2482 586 2568 633 τις
2632 562 2870 644 ὄψεται.

418 658 488 722 Ο.
522 655 595 721 R.
649 656 836 720 1412.
889 654 980 718 ΕΙ.
1032 655 1178 718 380.
1226 655 1375 718 436.

596 748 742 810 802.
787 744 943 828 μηό’
990 745 1185 808 αὐτοῦ
1232 743 1453 829 θάνω]
1503 743 1591 808 Cf.
1626 742 1784 808 O.C.
1822 743 1966 806 174.
2012 742 2103 826 μὴ
2155 742 2286 825 δῆτ’
2333 741 2634 824 ἀόικηθῶ
2669 778 2779 802 -.

599 836 745 899 806.
795 833 917 898 Sed
965 835 1042 898 cf.
1089 833 1185 897 ΕΙ.
1238 834 1426 897 1315.
1473 834 1753 897 θανόντα
1800 856 1865 897 τε
1905 834 1914 914 Ι
1954 832 2061 895 καὶ
2107 832 2291 906 ζῶντ’
2337 831 2595 897 ἐσεῖδον.

598 925 746 989 808.
793 925 1088 1006 ποίνιμος
1135 922 1318 1008 Δίκη]
1378 921 1638 986 Ultrix
1693 923 1738 984 J
1748 922 2033 986 ustitia.
2112 919 2200 985 Cf.
2252 921 2349 1003 Aj.
2398 920 2544 983 843.
2591 921 2870 1002 ποίνιμοι

419 1053 501 1062 —-
538 1014 832 1098 Ἐρινύες.
881 1013 1147 1077 ΕΙ.210.
1193 1013 1453 1094 ποίνιμα
1485 1012 1718 1075 πάθεα.
1772 1011 1959 1074 1390.
2008 1009 2236 1075 Aesch.
2260 1011 2376 1094 Ag.
2401 1010 2589 1072 1432.
2635 1008 2729 1092 μὰ
2760 1009 2872 1092 τὴν

415 1106 645 1169 τέλειον
689 1109 798 1187 τῆς
845 1104 1002 1185 ἐμῆς
1047 1102 1278 1172 παιδὸς
1310 1102 1505 1185 Δίκην
1547 1100 1771 1186 [Ἄτην
1800 1103 1851 1163 τ’
1883 1099 2101 1182 (Ἂράν
2129 1099 2249 1178 τῬ)
2286 1098 2534 1181 Ἐρίνυν
2567 1099 2639 1161 τ’.
2686 1098 2870 1162 Eum.

419 1196 564 1258 504.
612 1193 762 1256 Eur.
785 1191 945 1256 Med.
974 1192 1159 1255 1386.
1207 1191 1362 1254 ἀλλά
1395 1191 1452 1255 σ’
1490 1189 1738 1272 Ἐρινὺς
1770 1190 2002 1254 ὀλέσειε
2046 1189 2286 1253 τέκνων
2327 1188 2335 1272 Ι
2376 1188 2567 1271 φονία
2598 1212 2662 1252 τε
2695 1187 2870 1271 Δίκη.

597 1283 743 1346 809.
802 1283 859 1345 εἰ
909 1282 1094 1362 θέμις
1141 1280 1197 1362 γ’
1255 1276 1373 1366 -]
1440 1280 1529 1343 Cf.
1588 1278 1747 1343 Phil.
1801 1280 1988 1344 1035.
2054 1277 2152 1341 Fr.
2203 1279 2348 1341 678.
2405 1279 2470 1341 εἴ
2501 1301 2613 1360 μοι
2658 1278 2870 1359 θέμις·

418 1373 605 1455 θέμις
652 1371 722 1435 δὲ
764 1370 1015 1454 τάληθῆ
1059 1370 1272 1452 λέγειν.
1317 1369 1469 1433 Eur.
1509 1368 1693 1434 Herc.
1739 1370 1880 1432 141.
1928 1369 1987 1431 εἰ
2025 1368 2148 1451 χρή
2185 1365 2277 1450 μ’,
2324 1368 2573 1450 ἐρωτῶ·
2620 1366 2744 1451 χρὴ
2795 1366 2870 1439 δ’,

420 1463 556 1526 ἐπεί
607 1484 675 1543 γε
731 1460 1037 1543 ὂεσπότης
1077 1460 1086 1543 Ι
1126 1460 1314 1542 ὗμῶν
1367 1458 1726 1542 καθέστηχ’.
1795 1458 1890 1521 ΕΙ.
1940 1457 2085 1521 300.
2150 1456 2389 1538 λέγοιμ’
2455 1458 2552 1530 ἂν,
2613 1458 2671 1520 εἰ
2719 1456 2869 1538 χρή·

425 1551 547 1635 χρὴ
598 1551 667 1614 δὲ
712 1550 875 1632 πρὸς
921 1549 1105 1632 φίλον
1136 1549 1332 1631 λέγειν
1373 1550 1382 1632 Ι
1422 1549 1616 1631 τύχας
1659 1549 1920 1631 βαρείας
1957 1547 2083 1610 κτλ.
2132 1544 2346 1630 Suppl.
2383 1546 2527 1609 349.
2574 1544 2871 1611 Menand.

424 1661 481 1725 p.
518 1640 619 1704 91.
676 1641 733 1703 εἰ
790 1638 948 1704 θεὸν
1011 1639 1222 1702 καλεῖν
1285 1662 1356 1701 σε
1421 1638 1536 1701 δεῖ·
1606 1637 1703 1701 ὀεῖ
1744 1638 1801 1702 ὂ’
1856 1637 1982 1701 κτλ.
2048 1636 2220 1700 PerS.
2268 1635 2394 1700 Sat„
2439 1635 2488 1698 I.
2537 1637 2595 1699 8.
2642 1635 2727 1698 ‘si
2781 1635 2876 1698 fas

419 1731 656 1813 dicere,
702 1729 815 1794 sed
859 1727 992 1792 fas?

598 1838 744 1901 811.
792 1837 1044 1919 ἄριστον
1089 1835 1293 1917 ἄνόρα
1339 1839 1469 1899 τῶν
1514 1834 1615 1898 ἐπὶ
1658 1833 1881 1918 χθονὶ]
1929 1832 2021 1898 Of.
2066 1835 2162 1917 Aj.
2216 1834 2401 1896 1416.
2450 1831 2603 1896 Hor.
2652 1829 2774 1894 Sat.
2822 1830 2872 1894 I.

422 1929 478 1989 5.
527 1926 629 1990 41.
690 1926 994 2006 ιειτιὶιῃειε),
1041 1925 1260 2009 quales
1307 1944 1515 2008 neque
1562 1924 1959 1989 candidiores
1998 1923 2008 2005 Ι
2049 1928 2219 1987 terra
2263 1922 2434 2003 tulit,
2483 1921 2621 1986 etc?

597 2017 744 2079 813.
793 2018 1157 2098 ξυνηγορεῖς
1207 2013 1322 2098 -]
1380 2012 1466 2077 Cf.
1515 2014 1709 2078 Arist.
1757 2013 1915 2078 Ach.
1964 2012 2110 2076 658.
2167 2012 2205 2075 ὁ
2254 2011 2324 2075 δὲ
2369 2012 2620 2076 νεανίαν
2666 2011 2875 2093 ἑαυτῷ

423 2106 787 2175 σπουόάσας
833 2108 1202 2187 ξυνηγορεῖν
1246 2103 1372 2167 κτλ.

598 2213 744 2276 814.
791 2213 990 2295 ὄγκον
1038 2249 1121 2258 -
1169 2209 1409 2295 ἄλλως]
1459 2208 1549 2275 Of.
1597 2210 1710 2274 Ph.
1762 2209 1907 2272 946.
1954 2209 2221 2273 εἴόωλον
2265 2208 2490 2278 ἄλλως.

600 2304 747 2366 815.
797 2300 1024 2387 οὖρος]
1092 2300 1181 2365 Cf.
1239 2301 1337 2382 Aj.
1400 2300 1589 2363 1083.
1653 2298 1949 2363 Themist.
2006 2319 2063 2382 p.
2123 2300 2270 2362 223.
2345 2299 2460 2381 ἔβα
2530 2297 2744 2362 πλέων
2809 2298 2873 2368 ἒς

422 2392 711 2474 ὄλεθρον.
775 2392 969 2455 Arist„
1016 2389 1124 2452 Th.
1176 2389 1363 2453 1226.
1429 2387 1583 2451 Hor.
1632 2386 1747 2451 Od.
1794 2387 1909 2452 ΙΙΙ.
1963 2389 2060 2450 11.
2108 2390 2211 2452 49.
2277 2385 2337 2449 ‘1
2390 2387 2582 2471 pedes
2637 2406 2766 2470 quo
2814 2394 2876 2451 te

420 2482 676 2565 rapiunt
741 2486 804 2545 et
867 2482 1094 2543 aurae)
1231 2479 1542 2561 ὀμμάτων
1592 2514 1673 2523 —
1722 2474 2014 2563 ἄπωθεν]
2081 2476 2172 2543 Of.
2233 2477 2381 2540 Eur.
2431 2475 2566 2559 Iph.
2611 2475 2675 2538 Τ.
2730 2476 2871 2540 108.

419 2571 582 2641 νεὼς
626 2570 912 2635 ἄπωθεν.
979 2569 1169 2632 Arist.
1218 2571 1336 2632 Av.
1392 2568 1577 2630 1526.
1642 2568 1900 2632 ἄνωθεν
1955 2568 2159 2650 ὑμῶν.
2238 2566 2343 2631 Sic
2397 2566 2665 2650 ἐγγύθεν
2708 2564 2874 2635 τινὸς

420 2660 606 2724 Hom.
652 2660 725 2723 Il.
777 2661 878 2742 11,
928 2660 1073 2723 723.

599 2768 747 2830 817.
793 2768 990 2848 ὄγκον
1048 2803 1126 2812 —-
1187 2766 1395 2837 ἄλλως
1468 2765 1813 2850 ὀνόματος]
1891 2764 1978 2829 Cf.
2043 2764 2292 2829 Aeliau.
2351 2762 2431 2826 H.
2488 2766 2565 2827 A.
2613 2762 2755 2827 VII.
2818 2764 2873 2826 1.

425 2858 544 2921 οὐκ
592 2859 752 2921 ἔστιν
797 2856 1004 2926 ἄλλως
1049 2856 1305 2938 κόμπος
1334 2856 1405 2918 τὸ
1437 2857 1786 2938 εἰρημένον.
1832 2855 2025 2919 Thuo.
2061 2852 2234 2917 VIII.
2273 2854 2371 2915 75.
2419 2853 2626 2923 ἄλλως
2666 2854 2873 2934 ὄνομα

421 2947 528 3011 καὶ
574 2947 695 3010 οὐκ
741 2948 945 3028 ἔργον.
993 2945 1289 3010 Menand.
1337 2944 1447 3007 IV.
1497 2947 1642 3007 213.
1692 2946 1750 3007 εἰ
1788 2945 1879 3025 μή
1928 2968 2015 3013 τις
2069 2943 2276 3012 ἄλλως
2323 2941 2629 3023 ὀνόμασιν
2673 2944 2874 3024 χαίρει

421 3042 643 3107 κενοῖς.
692 3034 843 3099 Eur.
894 3034 996 3099 Or.
1032 3037 1178 3097 448.
1227 3035 1468 3115 ὄνομα
1518 3034 1667 3116 γὰρ,
1715 3034 1903 3115 ἔργον
1951 3033 2007 3095 δ’
2057 3033 2205 3104 οὐκ,
2253 3032 2506 3112 ἔχουσιν
2553 3032 2613 3094 οἱ
2657 3029 2869 3117 φίλοι]

423 3127 484 3190 οῖ
524 3126 619 3208 μὴ
670 3124 758 3187 ’πὶ
802 3130 958 3188 ταῖσι
1005 3128 1368 3206 συμφοραῖς
1413 3124 1585 3193 ὄντες
1617 3122 1803 3204 φίλοι.
1851 3120 2000 3184 Eur.
2034 3121 2131 3184 Fr.
2168 3122 2313 3202 362,
2347 3121 2449 3182 27.
2479 3120 2571 3201 μὴ
2606 3120 2873 3202 σχήματ’

422 3215 629 3284 ἄλλως
676 3215 742 3277 ἓν
786 3214 963 3277 πόλει
1008 3214 1354 3295 πεφυκότα.
1401 3211 1576 3294 Trag.
1626 3211 1860 3293 Adesp.
1895 3212 2044 3292 462,
2081 3211 2179 3272 11.
2225 3210 2427 3291 ὄγκου
2478 3209 2547 3271 δὲ
2591 3209 2872 3290 μεγάλου

420 3309 653 3386 πτῶμα
704 3304 964 3386 γίγνεται
1008 3305 1190 3386 μέγα.
1240 3300 1390 3365 Eur.
1423 3299 1577 3364 Heo.
1611 3302 1758 3364 489.
1828 3300 2022 3373 δόξαν
2062 3299 2285 3369 ἄλλως.
2333 3297 2474 3362 Hel.
2512 3298 2656 3361 761.
2688 3298 2872 3379 ἀριθ-

419 3393 547 3478 μὸν
593 3393 815 3463 ἄλλως.
862 3393 998 3456 Τιό.
1033 3393 1180 3456 470.
1230 3390 1405 3454 Dem.
1454 3411 1511 3474 p.
1560 3392 1707 3454 348.
1755 3410 1811 3473 p.
1863 3391 2006 3452 931.

602 3501 749 3565 818.
796 3499 1000 3583 μηόὲν
1046 3500 1140 3569 ὡς
1184 3504 1452 3562 τεκοῦσα
1502 3497 1659 3581 ὁρᾷ]
1708 3497 1796 3562 Cf.
1832 3496 1924 3560 El.
1964 3497 2149 3559 1194.
2195 3495 2384 3579 μητρὶ
2423 3495 2479 3559 ὀ’
2513 3495 2634 3559 οὐκ
2666 3495 2874 3567 ἐξισοῖ.

601 3590 747 3654 819.
795 3591 884 3654 Cf.
931 3589 1080 3653 Eur.
1128 3588 1317 3672 Hipp.
1371 3588 1560 3651 1400.
1615 3589 1924 3669 χαίρουσα
1970 3586 2078 3649 καὶ
2122 3586 2200 3649 σὺ
2246 3590 2457 3666 στεῖχε.
2514 3583 2678 3647 Med.
2730 3583 2874 3646 756.

423 3680 667 3763 χαίρων
710 3680 1008 3761 πορεύου.
1059 3678 1293 3742 Phoen.
1345 3678 1490 3740 921.
1538 3679 1782 3758 χαίρων
1827 3673 1934 3738 ἴθ’.
1982 3675 2118 3738 Alc.
2167 3676 2313 3737 813.

601 3771 726 3832 821
764 3788 855 3851 sq.
905 3766 1064 3832 Cum
1113 3768 1212 3831 his
1260 3766 1337 3831 cf.
1371 3766 1464 3829 El.
1499 3765 1889 3828 495-501,
1938 3769 2002 3827 et
2047 3764 2126 3826 ad
2164 3763 2258 3826 El.
2297 3763 2483 3825 1384.
2532 3763 2693 3826 ἴδεθ’
2726 3761 2875 3827 ὅποι

423 3861 799 3941 προνέμεται
845 3857 970 3920 κτλ.

602 3950 748 4011 821.
794 3946 1195 4029 προσέμιξεν]
1244 3945 1613 4010 Accessit.
1690 3944 2101 4007 Intransitive
2158 3949 2230 4007 ut
2280 3943 2350 4005 in
2396 3941 2509 4004 Ph.
2564 3941 2705 4005 106.
2754 3941 2874 4004 οὐκ

424 4035 524 4121 ἆρ’
582 4038 804 4119 ἐκείνῳ
863 4037 920 4119 γ’
968 4036 1036 4116 (Ι.
1087 4037 1223 4116 ’στ’)
1280 4034 1432 4099 οὐδὲ
1497 4038 1843 4118 προσμῖξαι
1905 4033 2151 4115 θρασύ,·
2221 4032 2406 4096 Hom.
2456 4031 2570 4095 Od.
2622 4032 2679 4110 9,
2729 4031 2874 4094 507.

423 4124 481 4190 α’)
527 4127 751 4200 πόποι,
800 4125 838 4209 ἧ
885 4127 1058 4209 μάλα
1108 4126 1184 4207 δή
1232 4151 1315 4208 με
1360 4126 1722 4207 παλαίφατα
1772 4123 2054 4205 θέσφαθ’
2101 4122 2312 4186 ἱκάνει.

600 4236 747 4298 822.
794 4235 1030 4305 τοῦπος
1074 4233 1146 4297 τὸ
1192 4231 1590 4317 θεοπρόπον]
1640 4232 1728 4296 Cf.
1780 4231 1850 4296 O.
1883 4229 1954 4293 R.
2004 4231 2105 4294 89.

603 4325 750 4387 823.
797 4324 1200 4405 παλαιφάτου
1245 4321 1583 4405 προνοίας]
1634 4320 1724 4384 Cf.
1759 4320 1828 4384 Ο.
1864 4320 1929 4384 C.
1968 4321 2153 4381 1381.
2203 4320 2241 4401 ἡ
2274 4318 2668 4399 παλαίφατος
2698 4317 2874 4398 Δίκη.

602 4416 750 4476 824.
799 4414 839 4476 ὅ
883 4412 966 4497 τ’]
1015 4411 1105 4476 Cf.
1141 4411 1472 4476 O.R.694.
1521 4410 1615 4474 El.
1671 4411 1813 4473 151.
1951 4406 2194 4492 ἔλακεν]
2243 4406 2331 4469 Cf.
2363 4408 2556 4470 Arist.
2591 4406 2705 4489 Eq.
2732 4406 2874 4468 128.

424 4502 461 4566 ὅ
507 4502 796 4586 χρησμὸς
859 4504 1151 4586 ἄντικρυς
1214 4503 1389 4584 λέγει.
1463 4501 1648 4563 1025.
1715 4500 1793 4562 οὐ
1847 4499 2030 4561 τοῦτό
2086 4499 2237 4580 φησ’
2286 4497 2323 4559 ὁ
2369 4495 2674 4580 χρησμός.
2723 4493 2875 4558 Eur.
