3463 5287
1328 426 1580 472 ommes
1627 428 1752 473 nux
2638 411 2767 473 293

308 588 585 670 πλήρεος
631 586 844 657 ἐόντος
888 592 1000 650 τοῦ
1048 587 1289 650 κύκλου
1333 589 1439 666 (sc.
1483 594 1617 670 τῆς
1641 587 1941 670 σελήνης).
1991 586 2149 651 Plat.
2182 585 2326 670 Lys.
2361 589 2489 650 212
2522 587 2597 652 D.
2646 589 2766 652 οὐκ

309 679 435 757 ἄρα
483 676 605 740 ἐστὶ
650 677 833 759 φίλον
878 684 970 758 τῷ·
1016 677 1295 758 φιλοῦντι
1339 677 1429 759 μὴ
1465 678 1586 740 οὑκ
1619 677 1995 759 ἀντιφιλοῦν.
2132 679 2303 759 ἔχων
2332 701 2385 740 τι
2417 677 2765 762 σύμβολον]

311 765 396 829 Cf.
439 767 626 830 1058.
674 767 795 829 οὐκ
843 767 923 829 ἂν
969 766 1208 846 γένοιτο
1253 765 1434 829 τοῦθ’
1467 766 1649 837 ὅπως
1693 767 1824 847 ἐγὼ
1871 765 2127 848 λαβὼν
2167 770 2176 847 Ι
2216 772 2488 850 σημεῖα
2534 767 2768 829 τοιαῦτ’

310 856 387 918 οὗ
452 860 645 937 φανῶ
709 853 947 936 τούμὸν
1021 856 1215 936 γένος.
1294 855 1453 918 Phil.
1511 856 1658 918 403.
1733 857 2037 938 ἔχοντες
2109 856 2503 938 σύμβολον
2568 856 2768 938 σαφὲς

310 945 530 1026 λύπης.
597 944 747 1008 Eur.
796 943 982 1008 RheS.
1034 944 1179 1006 220.
1217 943 1585 1015 Ὀδυσσέως
1625 944 1633 1027 Ι
1675 946 1834 1008 οἴσω
1879 945 2049 1026 κάρα
2097 967 2224 1018 σοι,
2272 945 2663 1027 σύμβολον
2711 944 2767 1007 δ’

308 1036 507 1116 ἔχων
554 1033 753 1115 σαφὲς
794 1032 801 1116 Ι
842 1034 1063 1115 φήσεις
1111 1071 1220 1096 --.
1277 1032 1428 1096 Eur.
1477 1033 1570 1095 ΕΙ.
1621 1035 1767 1096 577.
1824 1034 2195 1115 συμβόλοισι
2251 1033 2372 1115 γὰρ
2413 1036 2422 1116 Ι
2462 1039 2589 1104 τοῖς
2635 1040 2769 1105 σοῖς

308 1125 646 1204 πέπεισμαι
692 1122 925 1203 θυμόν.
993 1122 1174 1185 Pind.
1223 1120 1317 1186 ΟΙ.
1365 1121 1515 1185 XII.
1570 1123 1666 1185 10.
1734 1123 2060 1206 σύμβολον
2107 1123 2163 1185 δ’
2211 1125 2398 1187 οὔπω
2452 1146 2539 1193 τις
2594 1123 2766 1205 ἐπιχ-

308 1213 553 1276 θονίων
615 1211 834 1276 πιστὸν
898 1212 1064 1294 ἀμφὶ
1126 1213 1392 1294 πράξιος
1456 1213 1802 1293 ἐσσομένας
1876 1209 2070 1293 ηὗρεν
2142 1212 2394 1275 θεόθεν.
2483 1211 2767 1275 Verbum

312 1303 472 1383 ἔχειν
518 1319 645 1364 non
694 1320 834 1364 raro
881 1301 1209 1383 adipisci
1258 1299 1575 1383 significat
1619 1307 1690 1364 ut
1736 1303 1806 1365 in
1852 1301 1947 1364 El.
2001 1301 2187 1364 1464.
2243 1309 2336 1382 τῷ
2382 1301 2503 1382 γὰρ
2549 1301 2769 1384 χρόνῳ

311 1396 467 1453 νοῦν
511 1392 714 1472 ἔσχον.
768 1391 954 1453 1013.
1002 1389 1157 1472 αὐτὴ
1209 1391 1278 1453 δὲ
1323 1396 1478 1453 νοῦν
1523 1391 1684 1472 σχές.
1733 1390 1894 1453 Phil.
1932 1391 2120 1453 1420.
2169 1391 2494 1454 ἀθάνατον
2539 1390 2767 1473 ἀρετὴν

313 1481 502 1561 ἔσχον
548 1480 608 1558 (f.
657 1475 897 1562 ηὗρον).
976 1479 1268 1542 Ceterum
1318 1480 1665 1562 particulae
1710 1479 1802 1562 μὴ
1853 1480 1930 1543 οὐ
1977 1479 2344 1543 coalescunt
2388 1485 2459 1543 ut
2503 1480 2570 1542 in
2622 1481 2766 1542 555.

310 1569 538 1632 Aesch.
573 1567 738 1651 Sept.
789 1569 932 1632 204.
981 1568 1131 1631 Eur.
1178 1567 1332 1632 Hec.
1387 1569 1572 1631 1081.
1622 1567 1850 1633 Bacch.
1900 1569 2046 1632 638.
2095 1576 2210 1633 etc.

490 1676 635 1738 222.
683 1681 797 1738 νῦν
830 1674 920 1759 δ’]
970 1674 1057 1738 Cf.
1092 1675 1188 1738 ΕΙ.
1228 1675 1414 1737 1334.
1551 1681 1665 1738 νῦν
1699 1675 1756 1738 δ’
1781 1674 1898 1759 -]
1943 1674 2121 1740 Haec
2153 1681 2564 1759 opponuntur
2593 1696 2768 1758 prae-

309 1764 684 1829 cedentibus
715 1763 925 1827 verbis
956 1764 1096 1845 ἁγὼ
1130 1765 1308 1838 ξένος
1327 1801 1439 1826 -.
1547 1763 1829 1849 ὕστερος]
1877 1763 1972 1827 Sc.
2004 1770 2115 1828 τοῦ
2146 1765 2544 1846 πραχθέντος
2574 1765 2765 1847 (220).

310 1853 431 1916 Sed
469 1853 913 1935 corrigendum
950 1855 1203 1917 videtur
1246 1855 1522 1933 ὕστερον.
1652 1856 1738 1924 εἰς
1785 1852 2012 1923 ἀστοὺς
2042 1854 2234 1936 τελῶ]
2283 1854 2330 1917 Ι.
2365 1873 2416 1917 e.
2464 1855 2550 1924 εἰς
2595 1853 2768 1924 τέλος

309 1943 584 2007 πολιτῶν
650 1945 934 2026 ἔρχομαι.
1015 1943 1102 2006 Cf.
1161 1943 1308 2007 Eur.
1367 1943 1591 2006 Bacch.
1652 1944 1798 2006 820.
1876 1944 1962 2013 εἰς
2027 1948 2329 2024 γυναῖκας
2400 1944 2470 2016 ἐξ
2533 1942 2769 2024 ἀνδρὸς

307 2032 499 2108 τελῶ,·
575 2031 724 2095 Eur.
783 2031 879 2094 Fr.
936 2033 1096 2112 492,
1146 2034 1201 2095 5.
1267 2033 1352 2102 εἰς
1416 2031 1675 2113 ἀνδρῶν
1748 2032 1868 2114 μὲν
1938 2033 2015 2095 οὗ
2065 2032 2074 2115 Ι
2125 2032 2406 2095 τελοῦσιν
2469 2032 2766 2115 ἀριθμόν.

309 2121 545 2185 Herod.
597 2121 705 2184 VI.
744 2122 886 2184 108.
934 2121 1082 2192 τοὺς
1124 2121 1215 2204 μὴ
1263 2121 1701 2203 βουλομένους
1747 2122 1812 2192 ἐς
1856 2120 2188 2192 Βοιωτοὺς
2233 2121 2470 2184 τελέειν.
2518 2120 2629 2184 VI.
2665 2122 2766 2184 53.

309 2211 373 2280 ἐς
405 2209 715 2293 ’Έλληνας
760 2211 1014 2274 ἐτέλεον.
1064 2213 1254 2274 Arist.
1299 2210 1362 2273 Τ.
1413 2209 1457 2272 Ι.
1506 2230 1562 2293 p.
1615 2212 1713 2273 91.
1764 2212 1850 2281 εἰς
1882 2209 2191 2294 εἘλληνας
2235 2210 2438 2274 τελεῖν.

490 2318 636 2379 223.
683 2318 832 2399 ὑμῖν
894 2317 1264 2402 προφωνῶ]
1329 2315 1568 2381 Edico
1634 2316 1868 2381 vobis.
1947 2316 2035 2379 Cf.
2094 2318 2193 2399 Aj.
2249 2309 2433 2380 1089.
2499 2316 2612 2380 καί
2670 2340 2768 2380 σοι

308 2412 647 2489 προφωνῶ
691 2407 873 2470 τόνδε
916 2407 1007 2490 μὴ
1056 2407 1335 2470 θάπτειν.

491 2514 636 2576 227.
688 2513 1153 2577 Vauvillersius
1217 2514 1310 2578 sic
1378 2517 1546 2578 recte
1610 2513 1917 2596 explicat:
1985 2512 2118 2593 ‘Et,
2174 2514 2229 2576 si
2276 2512 2535 2596 quidem
2584 2513 2768 2577 timet

312 2603 455 2686 quis
520 2604 1015 2685 accusationem,
1090 2605 1223 2687 ipse
1297 2602 1461 2667 clam
1534 2607 1940 2686 praevertens
2016 2604 2422 2686 semetipsum
2495 2602 2766 2666 indicet:

311 2693 568 2756 illaesus
614 2693 785 2756 enim
833 2692 1033 2756 abibit
1079 2693 1212 2758 etc.'
1291 2693 1381 2757 Cf.
1426 2693 1523 2756 Tr.
1557 2693 1704 2755 457.
1752 2694 1854 2756 κεί
1892 2692 2011 2774 μὲν
2060 2692 2380 2765 δέδοικας,
2430 2693 2508 2755 οὗ
2554 2692 2770 2762 καλῶς

310 2784 582 2864 ταρβεῖς,
648 2783 780 2846 ἐπεὶ
833 2782 958 2846 κτλ.
1030 2783 1219 2846 Arist.
1267 2780 1424 2844 Ran.
1477 2782 1663 2845 1109.
1736 2783 1792 2845 εἰ
1854 2781 1923 2845 δὲ
1985 2788 2169 2845 τοῦτο
2233 2782 2767 2864 καταφοβεῖσθον,

310 2872 401 2954 μή
466 2896 553 2941 τις
617 2872 866 2953 ἀμαθία
931 2879 1171 2955 προσῇ,
1221 2908 1302 2917 -
1351 2870 1555 2954 μηδὲν
1610 2870 1951 2952 ὀρρωδεῖτε
1995 2870 2199 2942 τοῦθ’,
2261 2871 2456 2934 Thuc.
2512 2869 2615 2933 VI.
2665 2871 2767 2933 27.

310 2962 705 3043 ἐψηφίσαντο
750 2961 858 3023 καὶ
922 2963 985 3024 εἴ
1034 2985 1122 3030 τις
1185 2960 1337 3023 ἄλλο
1400 2985 1453 3023 τι
1519 2959 1688 3023 οἶδεν
1753 2960 2044 3042 ἀσέβημα
2110 2960 2541 3042 γεγενημένον.
2600 2959 2766 3023 Xen.

315 3050 490 3113 Vect.
537 3049 648 3113 IV.
697 3052 799 3113 41.
849 3051 906 3113 εἰ
948 3050 1019 3112 δέ
1062 3073 1217 3119 τινες
1262 3048 1344 3112 αὑ
1392 3050 1742 3131 φοβοῦνται
1786 3049 1877 3131 μὴ
1915 3085 2024 3109 -.
2160 3047 2570 3132 τοῦπίκλημ’]
2617 3048 2764 3111 ‘Phe

312 3140 599 3223 charge.
677 3139 725 3202 I.
776 3159 832 3221 q.
881 3138 1182 3220 ἔγκλημα.
1261 3139 1353 3202 Cf.
1404 3139 1547 3201 529.
1730 3137 2069 3222 ὑπεξελεῖν]
2125 3136 2210 3199 Cf.
2259 3137 2354 3200 ΕΙ.
2410 3139 2595 3200 1420.
2642 3161 2764 3199 πα-

312 3228 600 3310 λίρρυτον
666 3228 787 3310 γὰρ
852 3228 986 3311 αἷμ’
1034 3229 1442 3309 ὑπεξαιροῦσι
1505 3232 1633 3290 τῶν
1687 3227 2049 3290 κτανόντων
2104 3227 2166 3289 οἱ
2208 3226 2400 3289 πάλαι
2446 3226 2767 3295 θανόντες.

317 3317 412 3379 Fr.
451 3319 595 3399 690,
632 3319 690 3379 2.
738 3316 796 3381 ὦ
844 3318 1146 3399 γλῶσσαι,
1193 3323 1335 3387 πῶς
1383 3317 1539 3399 δῆτα
1586 3316 1790 3398 τλήσει
1835 3315 2078 3397 πρᾶγμ’
2126 3316 2441 3388 ὑπεξελεῖν
2487 3315 2766 3395 (ὑπεξελ·

315 3407 456 3470 θεῖν
503 3407 698 3489 vulg.)
742 3406 920 3481 τόδε,·
966 3406 1218 3470 Rhetor.
1269 3404 1346 3469 ad
1397 3405 1579 3469 Alex.
1634 3406 1821 3468 1432.
1867 3404 2349 3486 προκατάληψίς
2394 3405 2518 3466 ἐστι
2566 3403 2645 3467 δι’
2693 3402 2770 3486 ἦς

313 3496 388 3558 τά
434 3520 497 3560 τε
542 3501 670 3560 τῶν
717 3496 1087 3560 ἀκουόντων
1134 3496 1551 3577 ἐπιτιμήματα
1607 3494 1713 3557 καὶ
1768 3493 1915 3563 τοὺς
1960 3499 2089 3558 τῶν
2135 3494 2463 3575 ἀντιλέγειν
2507 3493 2767 3574 μελλόν·

309 3609 439 3649 των
469 3586 697 3668 λόγους
727 3585 1446 3667 προκαταλαμβάνοντες
1491 3584 2107 3665 ὑπεξαιρήσομεν
2151 3582 2261 3652 τὰς
2307 3583 2770 3664 ἐπιφερομένας

315 3676 692 3758 δυσχερείας.
759 3675 1077 3758 Aphthon.
1136 3673 1305 3757 apud
1354 3673 1550 3735 WValz.
1606 3673 1655 3736 I.
1711 3692 1767 3756 p.
1818 3676 1920 3735 84.
1994 3678 2108 3736 νῦν
2186 3671 2254 3735 δὲ
2317 3677 2445 3734 ποῦ
2527 3672 2770 3735 δίκαιον

313 3766 507 3835 αἰτίας
552 3764 940 3838 ὑπεξελεῖν
985 3763 1092 3828 τὸν
1137 3761 1267 3845 πρὸ
1297 3768 1425 3826 τῶν
1471 3764 1680 3844 ἔργων
1724 3768 1799 3844 τῇ
1833 3763 2056 3845 γνώμῃ
2091 3762 2464 3843 γενόμενον,·
2510 3759 2768 3824 Lucian.

309 3854 465 3917 Tox.
515 3855 617 3915 42.
682 3853 791 3917 τὸν
854 3853 1039 3935 φίλον
1111 3852 1506 3925 ὑπεξελεῖν
1569 3853 1966 3933 πειρώμενος
2036 3857 2148 3914 τοῦ
2216 3850 2552 3933 δήγματος.
2620 3850 2769 3912 Eur.

309 3941 503 4025 Hipp.
553 3942 699 4005 633.
765 3942 960 4025 ὄλβον
1017 3942 1338 4023 δωμάτων
1382 3941 1720 4015 ὑπεξελών.
1790 3940 2022 4004 Phoen.
2076 3941 2219 4003 998.
2277 3940 2369 4010 ὡς
2417 3936 2486 4002 εὖ
2532 3937 2771 4020 πατρὸς

311 4032 545 4105 ἐξεῖλον
609 4032 834 4115 φόβον.
884 4031 1048 4095 Med.
1097 4031 1246 4094 487.
1310 4031 1512 4093 πάντα
1562 4029 1618 4093 δ’
1666 4030 1901 4103 ἐξεῖλον
1947 4030 2173 4112 φόβον.
2226 4030 2370 4092 900.
2416 4029 2603 4109 πατρὶ
2648 4033 2767 4091 νεῖ-

310 4143 427 4191 κος
474 4123 908 4204 ἐξαιρουμένη.
957 4121 1149 4184 Arist.
1182 4120 1340 4184 Rau.
1376 4121 1521 4183 688.
1567 4125 1826 4200 πρῶτον
1859 4117 1974 4181 οὖν
2020 4120 2171 4201 ἡμῖν
2210 4118 2392 4181 δοκεῖ
2426 4118 2434 4199 Ι
2476 4118 2771 4190 ἐξισῶσαι

313 4210 461 4281 τοὺς
504 4210 760 4280 πολίτας
805 4210 1103 4291 κάφελεῖν
1146 4210 1221 4273 τὰ
1271 4210 1548 4291 δείματα.
1603 4208 1797 4273 Thuc.
1848 4207 1893 4270 Ι.
1926 4210 2029 4271 42.
2085 4214 2194 4290 τῆς
2243 4207 2311 4270 δὲ
2357 4206 2773 4289 ὑπαρχούσης

316 4337 397 4345 —
431 4300 714 4380 ὑποψίας
752 4304 1021 4381 σῶφρον
1067 4299 1319 4382 ὑφελεῖν
1373 4298 1632 4381 μᾶλλον.
1692 4297 1883 4360 Isocr.
1917 4315 1968 4360 c.
2001 4295 2139 4360 Nic.
2180 4298 2275 4359 19.
2323 4296 2470 4366 τοὺς
2518 4296 2771 4377 φόβους

311 4389 546 4468 ἐξαιρῶ
617 4394 746 4451 τῶν
818 4388 1109 4452 πολιτῶν.
1186 4388 1350 4451 Plut.
1408 4386 1562 4451 Mor.
1621 4406 1676 4469 p.
1738 4387 1864 4448 635
1913 4389 1984 4449 A.
2057 4386 2170 4468 τὴν
2243 4391 2355 4449 τοῦ
2433 4384 2772 4467 ἀλγοῦντος

311 4477 720 4560 ὑπεξαίρεσιν.
770 4477 1136 4543 Platonium
1187 4477 1259 4539 V.
1311 4479 1367 4539 3.
1425 4477 1461 4539 ὁ
1510 4475 1631 4558 γὰρ
1690 4474 1896 4558 δῆμος
1946 4474 2054 4538 τὸν
2117 4474 2328 4557 φόβον
2392 4473 2598 4558 ἐξῄρει
2643 4478 2772 4537 τῶν
