3463 5287
628 421 757 484 410
1659 415 2065 486 Pmnoc‘rssms‘

810 600 956 663 331.
1004 601 1148 683 ἔσχε
1191 603 1364 683 μοῖρ’
1402 600 1682 683 Ἀχιλλέα
1729 599 1985 684 θανεῖν]
2053 598 2141 663 Cf.
2195 602 2383 665 1117.
2447 601 2693 684 πότμος
2741 625 2810 665 σε
2856 600 3073 684 δαιμό-

629 713 761 753 νων
808 725 891 735 —-
940 690 1099 772 ἔσχε.
1175 690 1271 752 ΕΙ.
1323 690 1511 753 1414.
1580 697 1693 754 νῦν
1750 714 1819 754 σε
1881 696 2075 773 μοῖρα
2146 690 2512 773 καθαμερία
2576 690 3078 774 (καθαμέριονῗ)

628 779 877 862 φθίνειν
929 780 1055 861 ἔχει
1099 780 1224 861 (ita
1268 780 1504 863 optime
1548 779 1742 844 Dind.
1787 799 1900 863 pro
1965 780 2176 862 φθίνει
2231 780 2522 861 φθίνειν).
2571 778 2642 843 Ο.
2675 777 2748 843 R.
2799 781 2945 843 713.
2992 781 3080 849 ὡς

626 867 819 931 αὐτὸν
882 868 1014 942 ἕξοι
1077 871 1248 952 (ἥξοι
1296 868 1489 952 vulg.)
1550 876 1748 953 μοῖρα
1813 867 1977 951 πρὸς
2040 868 2269 939 παιδὸς
2322 870 2559 933 θανεῖν.
2623 869 2773 933 Eur.
2817 868 2977 935 Hec-
3021 870 3077 931 5.

636 957 914 1040 Φρυγῶν
959 957 1141 1022 πόλιν
1181 959 1191 1041 Ι
1229 958 1524 1029 κίνδυνος
1569 960 1712 1041 ἔσχε
1763 995 1845 1004 -
1891 963 2116 1022 πεσεῖν.

809 1067 954 1128 332.
1002 1067 1256 1149 φράσῃς
1299 1090 1412 1148 μοι
1455 1066 1546 1148 μὴ
1579 1065 1777 1149 πέρα]
1828 1064 1917 1129 Cf.
1966 1065 2037 1130 O.
2071 1064 2134 1128 O.
2185 1066 2331 1128 211.
2376 1066 2535 1149 μηδ’
2584 1066 2876 1150 ἕξετάσῃς
2921 1066 3080 1149 πέρα

625 1156 939 1238 ματεύων.
983 1156 1132 1220 Ant.
1181 1157 1284 1219 84.
1330 1153 1464 1219 ἀλλ’
1509 1156 1929 1239 προμηνύσῃς
1975 1179 2044 1237 γε
2090 1161 2271 1218 τοῦτο
2314 1155 2542 1239 μηόενὶ
2588 1157 2920 1238 (τοῦργον).

810 1263 956 1326 334.
1006 1261 1092 1326 Cf.
1126 1262 1196 1327 Ο.
1228 1262 1300 1326 R.
1337 1263 1482 1327 949.
1530 1263 1637 1326 καὶ
1683 1269 1798 1327 νῦν
1844 1264 1956 1327 ὅδε
1996 1263 2005 1345 Ι
2044 1262 2209 1345 πρὸς
2254 1270 2363 1346 τῆς
2407 1264 2601 1346 τύχης
2647 1263 2889 1327 ὄλωλεν
2935 1262 3082 1326 οὐδὲ

627 1352 802 1417 τοῦδ’
848 1353 993 1415 ὕπο.
1040 1352 1136 1416 Tr.
1189 1353 1376 1417 1160.
1423 1352 1586 1435 πρὸς
1631 1358 1760 1417 τῶν
1805 1352 2127 1418 πνεόντων
2170 1352 2451 1436 μηδενὸς
2495 1353 2716 1416 θανεῖν
2759 1353 2907 1416 ὕπο.

637 1532 708 1596 δὲ
812 1443 985 1595 §aaa
1006 1441 1139 1506 ἀλλ’
1187 1442 1444 1525 εὐγενὴς
1488 1441 1608 1525 μὲν
1657 1440 1774 1526 -]
1842 1441 1934 1506 cf.
1982 1444 2084 1526 Aj.
2137 1442 2325 1506 1400.
2384 1441 2518 1506 ἀλλ’
2566 1442 2804 1526 ἤθελον
2847 1441 2990 1525 μὲν,
3036 1443 3091 1506 ει

751 1556 843 1615 μη
876 1555 951 1595 κτ
989 1581 1001 1594 .

812 1641 956 1703 337.
1006 1638 1093 1702 Cf.
1114 1637 1264 1703 Eur.
1285 1638 1473 1705 Here.
1500 1640 1687 1703 1378.
1720 1640 2040 1723 ἀμηχανῶ
2072 1639 2194 1721 γὰρ
2225 1639 2439 1723 πότερ’
2472 1640 2602 1722 ἔχω
2634 1639 2772 1701 τάδ’
2803 1641 2843 1722 ἢ
2873 1638 3084 1721 μεθῶ.

811 1730 955 1792 338.
1005 1727 1094 1795 Cf.
1139 1730 1288 1794 Ant.
1337 1730 1483 1793 434.
1547 1730 1657 1799 τάς
1719 1753 1785 1793 τε
1856 1729 2144 1811 πρόσθεν
2205 1729 2315 1799 τάς
2388 1752 2451 1792 τε
2514 1734 2629 1793 νῦν
2680 1727 2689 1811 Ι
2738 1728 3087 1811 ἠλέγχομεν

629 1819 904 1901 πράξεις.
953 1817 1024 1882 Ο.
1057 1816 1129 1881 R.
1179 1820 1324 1882 333.
1380 1818 1451 1882 τὸ
1507 1818 1622 1883 σὸν
1662 1819 1672 1901 Ι
1711 1818 1969 1901 πάθημ’
2024 1819 2280 1901 ἐλέγχω.
2348 1818 2541 1883 Arist.
2588 1816 2689 1883 Fr.
2739 1818 2885 1881 246.
2955 1815 3085 1881 ἀλλ’

632 1909 832 1982 εἴσιθ’,
880 1908 973 1979 ὡς
1018 1907 1088 1971 τὸ
1134 1910 1375 1992 πρᾶγμ’
1421 1908 1661 1990 ἐλέγξαι
1704 1908 2040 1992 βούλομαι.

812 2016 957 2079 339.
1005 2014 1181 2097 οἶμαι
1235 2014 1377 2099 μὲν]
1443 2014 1533 2079 Cf.
1581 2014 1730 2079 Eur.
1779 2015 1913 2099 Iph.
1963 2019 2039 2079 A.
2090 2016 2236 2079 392.
2303 2016 2343 2098 ἡ
2406 2015 2478 2079 δέ
2532 2015 2589 2096 γ’
2646 2013 2845 2088 ἐλπὶς,
2915 2013 3089 2096 οἶμαι

633 2105 771 2188 μὲν,
818 2105 988 2176 θεός.
1066 2104 1373 2170 Similiter
1427 2104 1607 2168 δοκῶ
1661 2104 1783 2186 μὲν
1827 2105 1922 2169 ΕΙ.
1957 2105 2058 2168 61.
2106 2110 2224 2171 etc.
2361 2104 2577 2186 ἀρκεῖν
2625 2103 2863 2167 -·καὶ
2909 2102 2984 2167 τὰ
3033 2101 3088 2166 σ’

633 2192 993 2278 ἀλγήματα]
1043 2193 1132 2259 Of.
1179 2194 1276 2260 Tr.
1330 2195 1516 2257 1216.
1582 2194 1716 2258 ἀλλ’
1773 2195 2024 2278 ἀρκέσει
2076 2194 2186 2257 καὶ
2228 2199 2438 2259 ταῦτα.
2573 2193 2648 2256 τὰ
2696 2191 2787 2278 σ’]
2846 2191 3089 2258 Eadem

633 2285 813 2349 elisio
862 2285 933 2348 O.
964 2284 1038 2349 R.
1088 2285 1233 2349 330.
1282 2285 1430 2347 405.
1477 2283 1573 2348 ΕΙ.
1626 2284 1815 2348 1499.

812 2393 958 2454 343.
1004 2390 1491 2475 ποωιλοστόιῳ]
1546 2390 1886 2456 Blomfield
1932 2391 2035 2474 (ad
2081 2392 2252 2456 Pers.
2301 2392 2472 2470 408.)
2519 2389 2802 2473 explicat
2846 2374 3089 2465 navis.

633 2483 850 2564 cujus
896 2485 1223 2544 rostrum
1272 2482 1512 2544 variis
1558 2481 1951 2546 coloribus
2007 2482 2294 2545 illitum
2342 2480 2492 2545 est?
2570 2478 2807 2546 Confer
2850 2479 3090 2563 epithe-

634 2578 767 2634 tum
816 2569 1234 2634 Homericum
1278 2571 1725 2656 μιλτοπάρῃος.

816 2680 962 2741 345.
1010 2677 1114 2742 εἴτ’
1162 2678 1399 2761 ἀληθὲς
1444 2680 1546 2743 εἴτ’
1593 2679 1698 2761 ἄρ’
1747 2677 1864 2742 οὖν
1907 2677 2137 2763 μάτην]
2186 2677 2275 2741 Of.
2324 2676 2475 2741 Eur.
2522 2677 2656 2742 Ion.
2693 2678 2839 2740 275.
2885 2678 2948 2740 τί
2991 2675 3092 2741 bai

634 2767 800 2844 1662·
856 2765 959 2850 ἄρ’
1018 2766 1254 2850 ἀληθὲς
1308 2770 1348 2850 ἢ
1403 2768 1611 2851 μάτην
1665 2767 1886 2850 λόγος;
1954 2769 2142 2831 1537.
2208 2768 2246 2831 ὁ
2291 2766 2446 2838 θεὸς
2501 2767 2751 2850 ἀληθὴς
2796 2768 2836 2850 ἢ
2882 2767 3093 2849 μάτην

632 2858 1000 2940 μαντεύεται
1042 2857 1169 2920 κτλ.
1306 2855 1409 2921 εἴτ’
1456 2857 1559 2939 ἄρ’
1607 2856 1746 2943 οὗν]
1812 2857 2113 2941 Anguste,
2170 2876 2250 2920 or
2305 2858 2469 2939 just
2531 2876 2608 2920 as
2663 2875 2814 2920 was
2871 2863 2948 2919 to
3005 2855 3092 2919 be

636 2947 1025 3030 expected.
1160 2946 1390 3031 μάτην]
1458 2946 1550 3011 Cf.
1596 2945 1692 3010 El.
1748 2947 1933 3010 1298.
1999 2947 2113 3028 ἄτῃ
2178 2952 2253 3028 τῇ
2315 2946 2523 3029 μάτην
2586 2945 2940 3028 λελεγμένῃ.
2990 2945 3091 3008 63.

633 3038 731 3101 Tr.
765 3038 910 3100 341.
956 3034 1189 3101 Herod.
1224 3036 1304 3101 ΙΙ.
1343 3037 1486 3101 118.
1532 3038 1801 3120 μάταιον
1846 3036 2036 3117 λόγον
2081 3036 2346 3117 λέγουσι.
2395 3035 2621 3099 Aeseh.
2654 3035 2863 3098 Prom.
2902 3035 3091 3098 1007.

635 3126 836 3191 πολλὰ
883 3125 990 3190 καὶ
1033 3126 1242 3210 μάτην
1287 3127 1464 3208 ἐρεῖν.
1515 3127 1703 3189 Arist.
1752 3125 1859 3189 Th.
1910 3126 2010 3189 91.
2065 3124 2351 3209 φανερὸν
2406 3128 2445 3207 ἢ
2501 3125 2712 3206 λάθρα
2770 3124 3093 3204 (λέξοντα).

638 3217 830 3281 Arist.
877 3216 1064 3300 Resp.
1112 3215 1255 3280 VH.
1308 3217 1408 3279 12.
1456 3217 1514 3278 4.
1570 3216 1881 3296 κιθαρίζει
1928 3213 2224 3297 λαμπρὸν
2268 3214 2377 3277 καὶ
2422 3215 2654 3284 καλῶς.
2731 3212 3094 3277 Particulae

637 3306 739 3369 εἴτ’
788 3304 904 3369 οὖν
950 3306 1327 3389 plerumque
1374 3307 1441 3369 in
1489 3306 1684 3387 priori
1731 3305 2020 3370 clausula
2064 3309 2415 3387 ponuntur,
2465 3308 2538 3366 ut
2580 3303 2647 3366 in
2688 3301 2759 3366 O.
2791 3302 2865 3367 R.
2902 3303 3091 3366 1049.

638 3395 732 3458 El.
784 3395 927 3458 199.
975 3394 1203 3459 Aesch.
1250 3397 1369 3479 Ag.
1416 3395 1565 3458 491.
1599 3395 1748 3458 843.
1794 3396 1861 3457 in
1909 3400 2180 3476 utraque
2227 3391 2376 3457 cho.
2428 3393 2573 3456 683.
2625 3393 2770 3456 684.

818 3502 964 3565 347.
1013 3500 1101 3564 Cf.
1152 3502 1297 3564 353.
1348 3501 1493 3564 611.
1546 3502 1733 3565 1334.
1781 3500 1932 3565 Eur.
1970 3501 2210 3568 Phoen.
2248 3501 2436 3564 1187.
2482 3498 2622 3563 κατ’
2669 3500 2894 3582 ἄκρων
2937 3522 3090 3582 περ·

639 3592 868 3675 γάμων
912 3592 1069 3656 ἑλεῖν
1113 3590 1312 3655 πόλιν.

819 3700 964 3762 349.
1013 3700 1091 3764 οὗ
1137 3698 1373 3781 χρόνον
1416 3699 1618 3762 πολύν
1648 3697 1718 3781 μ’
1750 3699 2020 3781 ἐπέσχον
2052 3696 2169 3782 -]
2220 3696 2309 3761 Cf.
2345 3699 2492 3761 881.
2536 3696 2692 3781 μηδ’
2735 3697 3093 3779 ἕπίσχωμεν

637 3788 707 3852 τὸ
772 3789 960 3852 πλεῖν.
1038 3788 1195 3852 Plat.
1253 3786 1487 3853 Phaed.
1547 3790 1629 3852 59
1662 3786 1734 3850 Ε.
1783 3789 1860 3852 οὗ
1924 3787 2127 3852 πολὺν
2174 3825 2257 3834 -—
2314 3787 2550 3871 χρόνον
2614 3785 2896 3868 ἐπισχὼν
2959 3783 3091 3870 ἧκε.

639 3879 830 3943 Isoer.
880 3880 1009 3943 268
1043 3875 1105 3942 C.
1154 3878 1384 3942 οὗόένα
1432 3878 1668 3961 χρόνον
1714 3879 2009 3961 ἐπισχών.

820 3987 965 4049 355.
1011 3985 1196 4067 κάγὼ
1240 3982 1353 4071 -]
1411 3985 1682 4067 Angliee
1728 3985 1944 4049 when
1989 3984 2022 4048 I
2055 4022 2164 4046 -—-.
2244 3983 2331 4048 Cf.
2379 3982 2450 4048 Ο.
2483 3981 2555 4046 R.
2607 3984 2752 4047 718.
2889 3983 3094 4066 ἄκραν

638 4074 913 4160 Σίγειον]
972 4074 1062 4139 Cf.
1117 4074 1213 4138 Tr.
1264 4077 1410 4138 752.
1474 4073 1760 4158 Εὐβοίας
1824 4075 2028 4156 ἄκρον
2091 4074 2364 4155 (ἄκραΡ)
2406 4072 2414 4152 Ι
2456 4071 2756 4155 Κήναιον.
2895 4072 3094 4154 οὐρίῳ

638 4164 873 4319 σὲἒῆἱίὶη]
923 4164 1013 4230 Cf.
1066 4165 1209 4228 780.
1257 4165 1356 4246 Aj.
1405 4164 1551 4228 889.
1600 4163 1698 4228 Fr.
1753 4166 1895 4228 151.
1942 4163 2167 4229 Aesch.
2218 4161 2363 4226 Cho.
2401 4163 2545 4225 799.
2596 4163 2828 4245 πρᾶξιν
2874 4162 3094 4282 οὐρίαν

822 4362 967 4424 357.
1016 4361 1346 4445 ὀμνύντες]
1413 4360 1507 4425 Cf.
1562 4361 1712 4424 Eur.
1761 4361 1917 4426 Hec.
1967 4361 2112 4424 898.
2178 4362 2237 4424 εἰ
2285 4359 2402 4443 μὲν
2457 4358 2537 4442 ἦν
2587 4367 2836 4442 στρατῷ
2879 4358 3091 4430 πλοῦς,

642 4453 762 4514 οὐκ
826 4453 906 4514 ἂν
969 4449 1140 4534 εἶχον
1206 4451 1392 4534 τήνδε
1456 4475 1556 4515 σοι
1612 4451 1835 4514 ὀοῦναι
1879 4452 2079 4533 χάριν.
2144 4448 2302 4514 Hoc.
2352 4450 2435 4512 38
2468 4468 2559 4530 sq.
2607 4448 2836 4514 Aesch.
2885 4447 3092 4511 Prom.

645 4541 790 4604 803.
836 4541 1028 4606 Thuc.
1076 4539 1184 4608 VI.
1235 4544 1292 4605 2.
1339 4540 1506 4608 Xen.
1555 4539 1760 4606 Anah.
1811 4538 1921 4603 VI.
1971 4541 2027 4603 3.
2080 4541 2178 4603 12.
2227 4539 2443 4603 Elmsl.
2491 4538 2572 4603 ad
2616 4536 2769 4604 Her.
2819 4538 2965 4601 801.
