3463 5287
1483 421 1788 467 minem:
2781 402 2863 470 93

586 582 732 643 819.
780 579 1081 662 φθινάσιν
1127 616 1209 627 -
1261 579 1502 663 νόσοις]
1554 579 1640 642 Cf.
1687 579 1992 665 Harpocr.
2041 581 2106 642 in
2146 579 2526 662 Ἀρτεμισίαε
2579 617 2661 626 -
2709 581 2863 663 φθι-

411 670 552 732 νάδι
600 669 773 751 νόσῳ
818 669 1188 752 ληφθεῖσαν.
1246 669 1396 732 Eur.
1446 670 1581 733 Alc.
1631 671 1779 734 201.
1836 669 2047 752 φθίνει
2102 670 2208 732 καὶ
2260 669 2627 752 μαραίνεται
2673 670 2865 752 νόσῳ.

404 759 556 822 Her.
610 759 753 822 779.
826 763 1056 841 μηνῶν
1128 759 1366 842 φθινὰς
1438 760 1663 842 ἡμέρα.
1762 758 2040 822 Pluralis
2103 759 2280 822 νόσοι
2348 767 2417 823 ut
2480 761 2545 822 in
2612 760 2712 842 Aj.
2762 734 2863 821 59.

405 847 701 929 φοιτῶντ’
748 847 952 929 ἄνδρα
998 849 1293 931 μανιάσιν
1337 848 1564 919 νόσοις.

585 938 734 1000 820.
782 936 1093 1021 ἐπίχειρα]
1143 936 1233 1001 Cf.
1271 939 1415 1000 760.
1449 937 1674 1002 Aesch.
1698 938 1800 1001 Pr.
1825 938 1969 1001 326
2016 943 2267 1003 τοιαῦτα
2313 887 2527 1019 μέντοι
2563 944 2673 1021 τῆς
2703 938 2866 1019 ἄγαν

406 1026 748 1109 ὑψηγόρου
799 1034 807 1109 Ι
860 1027 1174 1109 γλώσσης,
1238 1026 1633 1138 Προμηθεῦ,
1697 1028 2020 1135 τάπίχειρα
2087 1028 2365 1109 γίγνεται.
2434 1027 2625 1091 Arist.
2676 1026 2862 1111 Vesp.

410 1117 554 1179 581.
634 1115 838 1179 Schol.
887 1117 965 1179 οὐ
1016 1116 1117 1179 διὰ
1166 1119 1374 1200 ξιφῶν
1419 1116 1528 1180 τὸν
1570 1116 1810 1200 μισθὸν
1854 1123 1965 1180 τοῦ
1994 1117 2536 1200 ’πλημμελήματος
2583 1116 2863 1201 λαχοῦσα

404 1205 513 1268 καὶ
556 1205 670 1288 τὴν
714 1205 1038 1288 τιμωρίαν.

586 1296 732 1357 821.
780 1294 1166 1378 αὐτόνομος]
1235 1295 1530 1378 Anglice,
1590 1294 1685 1377 by
1733 1314 2002 1359 reason
2049 1295 2127 1357 of
2168 1296 2298 1378 thy
2346 1295 2868 1382 independent

405 1385 650 1467 spirit.
727 1384 775 1447 I.
825 1404 881 1467 q.
930 1384 1327 1465 αὐτόγνωτος
1373 1386 1441 1465 (i.
1490 1404 1543 1448 e.
1590 1385 2052 1467 αὐτογνώμων)
2099 1386 2246 1449 875.
2325 1383 2530 1449 Schol.
2577 1385 2710 1449 ἀντὶ
2752 1391 2864 1449 τοῦ

407 1474 585 1544 ἰδίοις
631 1474 823 1557 αὑτῆς
869 1474 1091 1555 νόμοις
1136 1475 1524 1557 χρησαμένη.
1658 1473 1827 1558 μόνη
1878 1473 1991 1557 δὴ]
2041 1472 2214 1538 Sola
2259 1475 2618 1558 profecto.

585 1564 731 1626 824.
788 1562 1094 1648 Φρυγίαν]
1144 1562 1236 1627 cf.
1285 1564 1362 1626 ad
1395 1565 1494 1646 Aj.
1534 1564 1719 1625 1292.
1772 1563 1960 1646 Lydii
2008 1570 2072 1627 et
2116 1562 2407 1648 Phryges
2454 1563 2646 1626 simul
2695 1584 2866 1628 com-

407 1657 834 1716 memorantur
901 1653 1123 1716 Aesch.
1173 1652 1341 1717 Pers.
1395 1654 1538 1715 766.
1604 1653 1847 1717 Λυδῶν
1913 1653 1982 1716 δὲ
2044 1652 2201 1716 λαὸν
2263 1653 2371 1717 καὶ
2425 1652 2703 1736 Φρυγῶν
2756 1656 2863 1717 ἐκ-

401 1764 649 1825 τησατο.

585 1832 712 1894 825
746 1851 837 1914 sq.
887 1830 978 1895 Cf.
1026 1830 1118 1894 El.
1174 1832 1316 1895 150.
1363 1831 1443 1895 ἰὼ
1489 1832 1878 1913 παντλάμων
1923 1829 2164 1915 Νιόβα,
2217 1831 2286 1895 σὲ
2335 1832 2391 1896 δ’
2438 1833 2641 1913 ἔγωγε
2687 1833 2863 1914 νέμω

403 1920 580 1993 θεὸν,
636 1920 732 1984 ἅτ’
780 1922 847 1985 ἐν
902 1920 1088 2003 τάφῳ
1142 1921 1420 2004 πετραίῳ
1484 1921 1620 1984 αἰὲν
1668 1922 1980 2003 δακρύεις.
2046 1920 2231 1985 Hom.
2281 1922 2352 1985 11.
2402 1923 2505 2003 24,
2557 1922 2703 1983 614.
2752 1927 2871 1985 νῦν.

407 2010 480 2073 δέ
523 2033 651 2073 που
699 2011 767 2073 ἐν
811 2011 1127 2093 πέτρῃσιν,
1183 2012 1250 2074 ἐν
1305 2012 1555 2092 οὔρεσιν
1611 2011 2010 2084 οἰοπόλοισιν,
2053 2023 2061 2093 fl
2103 2011 2170 2073 ἐν
2201 2010 2496 2093 Σιπύλῳ,
2554 2010 2663 2073 ὅθι
2709 2010 2867 2093 φασὶ

407 2100 630 2163 θεάων
677 2101 943 2183 ἔμμεναι
990 2099 1175 2170 εὐνὰς
1217 2100 1224 2183 Ι
1266 2099 1637 2182 Νυμφάων,
1685 2100 1801 2162 αἵτ’
1849 2100 2013 2182 ἄμφ’
2051 2100 2389 2182 Ἀχελώϊον
2435 2101 2818 2183 ἐρρώσαντο,
2853 2098 2862 2187 Ι

404 2190 564 2252 ἔνθα
611 2189 791 2260 λίθος
835 2213 956 2272 περ
1005 2190 1196 2253 ἐοῦσα
1251 2191 1429 2253 θεῶν
1476 2191 1547 2253 ἐκ
1594 2190 1793 2272 κήδεα
1841 2191 2069 2253 πέσσει.
2136 2187 2315 2253 Ovid.
2364 2189 2510 2254 Met.
2561 2189 2668 2252 Vl.
2719 2190 2864 2253 310.

409 2278 518 2341 VI.
569 2280 714 2342 310.
773 2278 938 2342 ‘Flet
982 2284 1191 2343 tamen
1249 2285 1313 2342 et
1368 2278 1566 2342 validi
1623 2280 2020 2343 circumdata
2075 2279 2329 2343 turbine
2376 2281 2551 2343 venti
2593 2279 2603 2362 Ι
2643 2279 2713 2342 in
2759 2299 2866 2363 pa-

408 2370 592 2431 triam
639 2373 820 2452 rapta
866 2374 975 2431 est.
1053 2367 1152 2431 Ibi
1199 2367 1330 2432 fixa
1384 2370 1715 2433 cacumine
1764 2370 1998 2432 montis
2039 2369 2048 2449 Ι
2092 2369 2384 2452 liquitur,
2440 2375 2503 2433 et
2549 2368 2866 2451 lacrymas

408 2459 760 2520 etiamnum
828 2477 1142 2522 marmora
1207 2458 1506 2522 manant’
1686 2458 1955 2541 Σιπύλῳ
2018 2457 2182 2541 πρὸς
2246 2456 2463 2542 ἄκρῳ]
2531 2458 2621 2522 Cf.
2679 2457 2865 2522 Paus,

405 2547 457 2611 I.
506 2548 606 2610 21.
657 2548 713 2609 3.
769 2548 998 2630 ταύτην
1043 2547 1156 2630 τὴν
1201 2546 1453 2631 Νιόβην
1507 2547 1614 2611 καὶ
1669 2547 1860 2619 αὐτὸς
1916 2547 2086 2612 εἶδον
2141 2548 2435 2611 ἀνελθὼν
2489 2548 2553 2618 ἐς
2597 2547 2705 2611 τὸν
2751 2546 2862 2610 Σί-

405 2636 609 2701 πυλον
671 2635 743 2700 τὸ
790 2638 960 2719 ὄρος.
1027 2638 1065 2721 ἡ
1117 2637 1187 2701 δὲ
1232 2638 1498 2721 πλησίον
1542 2637 1662 2720 μὲν
1717 2639 1913 2720 πέτρα
1970 2638 2079 2701 καὶ
2131 2637 2420 2722 κρημνός
2468 2638 2628 2702 ἐστιν
2676 2637 2866 2703 οὐδὲν

408 2727 673 2809 παρόντι
720 2734 935 2810 σχῆμα
993 2728 1434 2811 παρεχόμενος
1489 2727 1789 2810 γυναικὸς
1846 2729 1987 2792 οὔτε
2033 2727 2240 2799 ἄλλως
2286 2729 2429 2791 οὔτε
2473 2728 2866 2811 πενθούσης·

408 2817 468 2880 εἰ
508 2816 579 2880 δέ
624 2840 694 2899 γε
738 2818 1135 2900 πορρωτέρω
1183 2819 1414 2900 γένοιο,
1474 2817 1955 2907 δεδακρυμένην
2003 2817 2207 2891 δόξεις
2251 2818 2412 2900 ὁρᾶν
2455 2817 2565 2881 καὶ
2608 2822 2867 2901 κατηφῆ

410 2929 694 2987 γυναικα.

587 2996 733 3058 826.
781 2995 998 3066 κισσὸς
1045 2996 1140 3068 ώς
1186 2995 1437 3080 ἀτενὴς]
1497 2996 1586 3061 Cf.
1634 2995 1784 3059 Eur.
1834 2995 1997 3061 Med.
2053 2997 2239 3060 1210.
2295 2997 2659 3079 προσείχεθ’
2705 2996 2868 3060 ὥστε

407 3084 625 3156 κισσὸς
665 3086 904 3168 ἔρνεσιν
946 3085 1195 3188 δάφνης
1236 3086 1243 3168 Ι
1285 3085 1553 3149 λεπτοῖσι
1591 3086 1868 3157 πέπλοις.
1924 3085 2291 3170 Epithetum
2324 3085 2543 3168 ἀτενὴς
2575 3090 2866 3169 (tenax)

408 3182 549 3258 apte
596 3175 897 3239 convenit
941 3176 1188 3239 nomini
1235 3176 1464 3246 κισσός.

587 3266 735 3328 827.
780 3263 1050 3348 βλάστα]
1100 3264 1190 3328 Cf.
1225 3265 1321 3328 Fr.
1346 3267 1491 3348 294,
1519 3267 1575 3327 2.
1626 3265 1696 3328 Ο.
1720 3264 1792 3328 R.
1817 3266 1961 3328 717.
2009 3264 2341 3335 παιδὸς-
2367 3264 2653 3348 βλάστας.
2705 3262 2774 3327 Ο.
2798 3263 2864 3328 O.

411 3354 556 3416 972.
602 3353 874 3436 βλάστας
921 3354 1279 3436 γενεθλίους
1324 3355 1580 3438 πατρός.
1615 3355 1847 3439 Adesp.
1883 3357 2030 3437 373,
2063 3356 2120 3416 2.
2165 3354 2459 3437 βλάσταις
2494 3391 2574 3401 -
2607 3356 2865 3418 τέκνων.

589 3444 734 3506 828.
780 3443 1163 3529 τακομέναν]
1213 3443 1302 3509 Of.
1353 3444 1497 3509 977.
1545 3443 1640 3508 ΕΙ.
1689 3446 1837 3508 834.
1887 3446 2032 3507 283.

588 3533 734 3596 829.
782 3533 875 3603 ὥς
921 3533 1105 3616 φάτις
1150 3532 1431 3618 ἀνδρῶν]
1491 3532 1575 3597 Cf.
1627 3534 1697 3597 O.
1729 3533 1802 3597 R.
1855 3535 2000 3596 715.
2048 3534 2277 3618 ,ὥσπερ
2325 3534 2382 3616 γ’
2430 3534 2469 3616 ἡ
2518 3534 2718 3617 φάτις.
2765 3534 2865 3616 Aj.

413 3622 557 3687 978.
603 3622 824 3705 ὥσπερ
871 3622 909 3705 ἡ
958 3623 1142 3705 φάτις
1185 3629 1415 3706 κρατεῖ.

588 3713 734 3776 831.
780 3713 977 3794 τέγγει
1042 3712 1100 3776 δ’
1149 3713 1257 3776 ὕπ’
1324 3713 1557 3796 ὀφρύσι
1605 3712 1724 3798 -]
1794 3713 1882 3777 Cf.
1930 3712 2119 3776 Hom.
2173 3712 2287 3777 Od.
2337 3715 2404 3794 4,
2458 3713 2600 3776 153.
2665 3711 2865 3795 αὐτὰρ

411 3801 448 3864 ό
494 3800 725 3883 πικρὸν
788 3800 897 3864 ὕπ’
946 3802 1181 3884 ὀφρύσι
1247 3803 1531 3885 δάκρυον
1596 3802 1773 3885 εἶβεν.
1915 3802 2239 3886 δειράδας]
2289 3802 2380 3867 Cf.
2428 3801 2577 3865 Eur.
2624 3801 2867 3866 Phoen.

411 3890 557 3953 280.
603 3890 732 3954 ὕπὸ
780 3891 1016 3973 δειράσι
1061 3892 1425 3974 νιφοβόλοις
1470 3891 1882 3976 Παρνασσοῦ.

590 3981 736 4043 833.
782 3980 1176 4065 κατευνάζει]
1227 3981 1316 4045 Cf.
1362 3982 1456 4044 Tr.
1509 3983 1608 4044 95.
1655 3981 1807 4046 Eur.
1855 3981 2048 4066 Hipp.
2098 3983 2242 4046 562.
2287 3983 2527 4067 βροντᾷ
2573 3981 2695 4064 γὰρ
2742 3981 2866 4064 ἀμ-

412 4069 678 4152 φιπύρῳ
741 4070 980 4133 τοκάδα
1046 4070 1158 4134 τὰν
1215 4108 1296 4116 —
1354 4072 1584 4154 πότμῳ
1648 4072 1858 4153 φονίῳ
1921 4071 2317 4136 κατεύνασεν.
2394 4072 2582 4136 1374.
2649 4071 2751 4139 διά
2814 4070 2866 4133 τ’

413 4160 592 4238 (κατά
639 4183 671 4221 τ
678 4157 768 4239 Ῥ)
831 4161 1088 4224 εὗνᾶσαι
1156 4159 1264 4224 τὸν
1319 4161 1477 4244 ἐμὸν
1530 4162 1744 4244 βίοτον
1799 4162 2092 4244 (ἔραμαι).
2148 4160 2301 4225 Hec.
2351 4163 2497 4224 472.
2544 4161 2657 4225 τὰν
2704 4159 2870 4231 Ζεὺς

411 4248 770 4331 ἀμφιπύρῳ
832 4251 1100 4331 κοιμίζει
1163 4251 1441 4333 φλογμῷ
1486 4250 1823 4334 Κρονίδας.
1878 4250 2121 4323 ,Ρ110011.
2175 4252 2316 4313 184.
2381 4252 2459 4314 σύ
2512 4274 2605 4316 τοι
2652 4252 2868 4333 (τᾶνῖ)

411 4337 880 4422 μεγαληγορίαν
924 4339 1291 4423 ὑπεράνορα
1338 4342 1661 4424 κοιμίζοις.

563 4429 738 4492 834.
786 4427 941 4491 ἀλλὰ
988 4429 1141 4500 θεός
1171 4428 1296 4513 τοι]
1345 4429 1423 4513 ἦν
1454 4431 1761 4494 omissum
1799 4434 1871 4493 ut
1913 4430 1984 4493 in
2018 4430 2166 4494 947.
2242 4428 2367 4494 Sed
2400 4451 2455 4492 v,
2489 4435 2700 4495 annot.
2732 4431 2870 4495 crit.-

593 4518 742 4580 835.
789 4518 1216 4603 θνητογενεῖς]
1266 4518 1352 4583 Cf.
1387 4519 1536 4583 Eur.
1570 4519 1759 4584 Herc.
1796 4519 1940 4583 799.
1989 4520 2413 4602 θνατογενοῦς
2456 4543 2520 4583 τε
2564 4520 2673 4584 καὶ
2704 4519 2871 4591 Διός.
