<?xml version="1.0" encoding="UTF-8"?>
<!DOCTYPE html PUBLIC "-//W3C//DTD XHTML 1.0 Transitional//EN"
    "http://www.w3.org/TR/xhtml1/DTD/xhtml1-transitional.dtd">
<html xmlns="http://www.w3.org/1999/xhtml" xml:lang="en" lang="en">
 <head>
  <title>
</title>
<meta http-equiv="Content-Type" content="text/html;charset=utf-8" />
  <meta name='ocr-system' content='tesseract 3.04.00' />
  <meta name='ocr-capabilities' content='ocr_page ocr_carea ocr_par ocr_line ocrx_word'/>
</head>
<body>
  <div class='ocr_page' id='page_1' title='image "./spicilegiumsoph01blaygoog_0208.png"; bbox 0 0 3463 5287; ppageno 0'>
   <div class='ocr_carea' id='block_1_1' title="bbox 675 390 2200 457">
    <p class='ocr_par' dir='ltr' id='par_1_1' title="bbox 675 390 2200 457">
     <span class='ocr_line' id='line_1_1' title="bbox 675 390 2200 457; baseline 0 -1"><span class='ocrx_word' id='word_1_1' title='bbox 675 390 800 457; x_wconf 89' lang='grc'><strong><em>196</em></strong></span> <span class='ocrx_word' id='word_1_2' title='bbox 1596 410 1851 456; x_wconf 70' lang='lat' dir='ltr'><strong>omm’tss</strong></span> <span class='ocrx_word' id='word_1_3' title='bbox 1896 409 2200 456; x_wconf 77' lang='lat' dir='ltr'><strong>commms</strong></span> 
     </span>
    </p>
   </div>
   <div class='ocr_carea' id='block_1_2' title="bbox 667 568 3134 4577">
    <p class='ocr_par' dir='ltr' id='par_1_2' title="bbox 667 568 3120 745">
     <span class='ocr_line' id='line_1_2' title="bbox 673 568 3120 653; baseline -0.001 -18"><span class='ocrx_word' id='word_1_4' title='bbox 673 572 742 635; x_wconf 76' lang='grc' dir='ltr'><strong><em>ἐν</em></strong></span> <span class='ocrx_word' id='word_1_5' title='bbox 786 570 887 635; x_wconf 73' lang='grc' dir='ltr'><strong><em>σοὶ</em></strong></span> <span class='ocrx_word' id='word_1_6' title='bbox 931 570 1316 653; x_wconf 78' lang='grc' dir='ltr'><strong><em>λελείψομαι.</em></strong></span> <span class='ocrx_word' id='word_1_7' title='bbox 1383 569 1534 634; x_wconf 86' lang='lat' dir='ltr'><strong>Eur.</strong></span> <span class='ocrx_word' id='word_1_8' title='bbox 1582 571 1681 634; x_wconf 99' lang='lat' dir='ltr'><strong><em>Fr.</em></strong></span> <span class='ocrx_word' id='word_1_9' title='bbox 1734 571 1921 634; x_wconf 87' lang='lat'>1051.</span> <span class='ocrx_word' id='word_1_10' title='bbox 1985 576 2112 641; x_wconf 86' lang='grc' dir='ltr'><strong><em>τοῖς</em></strong></span> <span class='ocrx_word' id='word_1_11' title='bbox 2177 571 2243 634; x_wconf 83' lang='grc' dir='ltr'><strong><em>ἕν</em></strong></span> <span class='ocrx_word' id='word_1_12' title='bbox 2299 571 2462 653; x_wconf 78' lang='grc' dir='ltr'><strong><em>οἴκῳ</em></strong></span> <span class='ocrx_word' id='word_1_13' title='bbox 2515 570 2834 653; x_wconf 85' lang='grc' dir='ltr'><strong><em>χρήμασιν</em></strong></span> <span class='ocrx_word' id='word_1_14' title='bbox 2886 568 3120 652; x_wconf 80' lang='grc' dir='ltr'><strong><em>λελείμ-</em></strong></span> 
     </span>
     <span class='ocr_line' id='line_1_3' title="bbox 667 658 2768 745; baseline -0.001 -21"><span class='ocrx_word' id='word_1_15' title='bbox 667 661 861 744; x_wconf 82' lang='grc' dir='ltr'><strong><em>μεθα.</em></strong></span> <span class='ocrx_word' id='word_1_16' title='bbox 909 658 968 723; x_wconf 87' lang='lat' dir='ltr'><strong><em>S.</em></strong></span> <span class='ocrx_word' id='word_1_17' title='bbox 1014 659 1231 724; x_wconf 79' lang='lat' dir='ltr'><strong>Jacob.</strong></span> <span class='ocrx_word' id='word_1_18' title='bbox 1278 658 1475 745; x_wconf 83' lang='lat' dir='ltr'><strong>Epist.</strong></span> <span class='ocrx_word' id='word_1_19' title='bbox 1522 659 1571 722; x_wconf 92' lang='lat'><strong><em>1.</em></strong></span> <span class='ocrx_word' id='word_1_20' title='bbox 1619 661 1677 722; x_wconf 89' lang='grc'><strong><em>4.</em></strong></span> <span class='ocrx_word' id='word_1_21' title='bbox 1724 660 1967 733; x_wconf 84' lang='grc' dir='ltr'><strong><em>τέλειοι,</em></strong></span> <span class='ocrx_word' id='word_1_22' title='bbox 2014 660 2083 723; x_wconf 76' lang='grc' dir='ltr'><strong><em>ἐν</em></strong></span> <span class='ocrx_word' id='word_1_23' title='bbox 2125 659 2352 743; x_wconf 76' lang='grc' dir='ltr'><strong><em>μηδενὶ</em></strong></span> <span class='ocrx_word' id='word_1_24' title='bbox 2396 659 2768 741; x_wconf 79' lang='grc' dir='ltr'><strong><em>λειπόμενοι.</em></strong></span> 
     </span>
    </p>

    <p class='ocr_par' dir='ltr' id='par_1_3' title="bbox 667 747 3125 1101">
     <span class='ocr_line' id='line_1_4' title="bbox 851 747 3122 833; baseline -0.001 -21"><span class='ocrx_word' id='word_1_25' title='bbox 851 750 997 812; x_wconf 88' lang='grc'><strong>496.</strong></span> <span class='ocrx_word' id='word_1_26' title='bbox 1042 757 1137 832; x_wconf 77' lang='grc' dir='ltr'><strong><em>τῷ</em></strong></span> <span class='ocrx_word' id='word_1_27' title='bbox 1179 749 1270 832; x_wconf 88' lang='grc' dir='ltr'><strong><em>μὴ</em></strong></span> <span class='ocrx_word' id='word_1_28' title='bbox 1321 749 1668 833; x_wconf 77' lang='grc' dir='ltr'><strong><em>δύνασθαι]</em></strong></span> <span class='ocrx_word' id='word_1_29' title='bbox 1717 747 2155 833; x_wconf 73' lang='lat' dir='ltr'><strong>supplendum</strong></span> <span class='ocrx_word' id='word_1_30' title='bbox 2202 748 2518 812; x_wconf 83' lang='grc' dir='ltr'><strong><em>όδοῦσθαι</em></strong></span> <span class='ocrx_word' id='word_1_31' title='bbox 2555 767 2638 812; x_wconf 83' lang='lat' dir='ltr'><strong><em>ex</em></strong></span> <span class='ocrx_word' id='word_1_32' title='bbox 2670 748 2902 812; x_wconf 83' lang='grc' dir='ltr'><strong><em>ὅδωτά.</em></strong></span> <span class='ocrx_word' id='word_1_33' title='bbox 2981 748 3122 812; x_wconf 89' lang='lat' dir='ltr'><strong><em>Non</em></strong></span> 
     </span>
     <span class='ocr_line' id='line_1_5' title="bbox 672 837 3125 923; baseline -0.001 -20"><span class='ocrx_word' id='word_1_34' title='bbox 672 839 845 903; x_wconf 91' lang='lat' dir='ltr'><strong>enim</strong></span> <span class='ocrx_word' id='word_1_35' title='bbox 891 837 1250 923; x_wconf 79' lang='lat' dir='ltr'><strong>significare</strong></span> <span class='ocrx_word' id='word_1_36' title='bbox 1305 844 1511 922; x_wconf 90' lang='lat' dir='ltr'><strong>potest</strong></span> <span class='ocrx_word' id='word_1_37' title='bbox 1557 838 1871 902; x_wconf 88' lang='grc' dir='ltr'><strong><em>δύνασθαι</em></strong></span> <span class='ocrx_word' id='word_1_38' title='bbox 1918 839 1957 900; x_wconf 90' lang='lat' dir='ltr'><strong><em>i.</em></strong></span> <span class='ocrx_word' id='word_1_39' title='bbox 2007 858 2063 921; x_wconf 92' lang='lat' dir='ltr'><strong><em>q.</em></strong></span> <span class='ocrx_word' id='word_1_40' title='bbox 2112 838 2375 911; x_wconf 75' lang='grc' dir='ltr'><strong><em>σθένειν,</em></strong></span> <span class='ocrx_word' id='word_1_41' title='bbox 2441 837 2692 920; x_wconf 81' lang='grc' dir='ltr'><strong><em>ῖσχύειν,</em></strong></span> <span class='ocrx_word' id='word_1_42' title='bbox 2758 843 3007 914; x_wconf 77' lang='grc' dir='ltr'><strong><em>σωκεῖν,</em></strong></span> <span class='ocrx_word' id='word_1_43' title='bbox 3055 844 3125 900; x_wconf 90' lang='lat' dir='ltr'><strong><em>to</em></strong></span> 
     </span>
     <span class='ocr_line' id='line_1_6' title="bbox 668 926 3124 1012; baseline -0.001 -20"><span class='ocrx_word' id='word_1_44' title='bbox 668 929 757 992; x_wconf 89' lang='lat' dir='ltr'><strong><em>he</em></strong></span> <span class='ocrx_word' id='word_1_45' title='bbox 803 934 1084 1011; x_wconf 85' lang='lat' dir='ltr'><strong>strong.</strong></span> <span class='ocrx_word' id='word_1_46' title='bbox 1133 927 1225 992; x_wconf 81' lang='lat' dir='ltr'><strong><em>Cf.</em></strong></span> <span class='ocrx_word' id='word_1_47' title='bbox 1272 927 1430 992; x_wconf 71' lang='lat' dir='ltr'><strong>Plat.</strong></span> <span class='ocrx_word' id='word_1_48' title='bbox 1477 926 1661 1012; x_wconf 87' lang='lat' dir='ltr'><strong>Resp.</strong></span> <span class='ocrx_word' id='word_1_49' title='bbox 1708 927 1757 991; x_wconf 94' lang='grc' dir='ltr'><strong><em>Ῑ.</em></strong></span> <span class='ocrx_word' id='word_1_50' title='bbox 1807 928 1935 990; x_wconf 87' lang='grc'><strong>328</strong></span> <span class='ocrx_word' id='word_1_51' title='bbox 1969 926 2036 991; x_wconf 84' lang='lat' dir='ltr'><strong><em>C.</em></strong></span> <span class='ocrx_word' id='word_1_52' title='bbox 2082 927 2298 1010; x_wconf 78' lang='grc' dir='ltr'><strong><em>εἰμὲν</em></strong></span> <span class='ocrx_word' id='word_1_53' title='bbox 2345 926 2466 1008; x_wconf 85' lang='grc' dir='ltr'><strong><em>γὰρ</em></strong></span> <span class='ocrx_word' id='word_1_54' title='bbox 2513 926 2644 1009; x_wconf 77' lang='grc' dir='ltr'><strong><em>ἐγὼ</em></strong></span> <span class='ocrx_word' id='word_1_55' title='bbox 2690 928 2773 990; x_wconf 82' lang='grc' dir='ltr'><strong><em>ἔτι</em></strong></span> <span class='ocrx_word' id='word_1_56' title='bbox 2818 928 2887 991; x_wconf 77' lang='grc' dir='ltr'><strong><em>ἐν</em></strong></span> <span class='ocrx_word' id='word_1_57' title='bbox 2934 927 3124 990; x_wconf 83' lang='grc' dir='ltr'><strong><em>δυνά-</em></strong></span> 
     </span>
     <span class='ocr_line' id='line_1_7' title="bbox 667 1015 3125 1101; baseline -0.001 -21"><span class='ocrx_word' id='word_1_58' title='bbox 667 1042 775 1101; x_wconf 91' lang='grc' dir='ltr'><strong><em>μει</em></strong></span> <span class='ocrx_word' id='word_1_59' title='bbox 819 1016 900 1101; x_wconf 86' lang='grc' dir='ltr'><strong><em>ἦν</em></strong></span> <span class='ocrx_word' id='word_1_60' title='bbox 944 1023 1057 1081; x_wconf 86' lang='grc' dir='ltr'><strong><em>τοῦ</em></strong></span> <span class='ocrx_word' id='word_1_61' title='bbox 1104 1017 1346 1099; x_wconf 78' lang='grc' dir='ltr'><em>ῥᾳδίως</em></span> <span class='ocrx_word' id='word_1_62' title='bbox 1391 1017 1781 1099; x_wconf 87' lang='grc' dir='ltr'><strong><em>πορεύεσθαι</em></strong></span> <span class='ocrx_word' id='word_1_63' title='bbox 1810 1016 1976 1098; x_wconf 85' lang='grc' dir='ltr'><strong><em>πρὸς</em></strong></span> <span class='ocrx_word' id='word_1_64' title='bbox 2020 1015 2091 1079; x_wconf 87' lang='grc' dir='ltr'><strong><em>τὸ</em></strong></span> <span class='ocrx_word' id='word_1_65' title='bbox 2121 1017 2303 1089; x_wconf 86' lang='grc' dir='ltr'><strong><em>ἄστυ,</em></strong></span> <span class='ocrx_word' id='word_1_66' title='bbox 2351 1016 2542 1080; x_wconf 80' lang='grc' dir='ltr'><strong><em>οὐδὲν</em></strong></span> <span class='ocrx_word' id='word_1_67' title='bbox 2573 1018 2654 1079; x_wconf 81' lang='grc' dir='ltr'><strong><em>ἂν</em></strong></span> <span class='ocrx_word' id='word_1_68' title='bbox 2684 1016 2752 1079; x_wconf 80' lang='grc' dir='ltr'><strong><em>σὲ</em></strong></span> <span class='ocrx_word' id='word_1_69' title='bbox 2784 1016 2909 1080; x_wconf 86' lang='grc' dir='ltr'><strong><em>ἔδει</em></strong></span> <span class='ocrx_word' id='word_1_70' title='bbox 2955 1017 3125 1079; x_wconf 82' lang='grc' dir='ltr'><strong><em>ἰέναι.</em></strong></span> 
     </span>
    </p>

    <p class='ocr_par' dir='ltr' id='par_1_4' title="bbox 847 1103 2668 1170">
     <span class='ocr_line' id='line_1_8' title="bbox 847 1103 2668 1170; baseline -0.002 -1"><span class='ocrx_word' id='word_1_71' title='bbox 847 1108 996 1170; x_wconf 91' lang='grc'><strong>497.</strong></span> <span class='ocrx_word' id='word_1_72' title='bbox 1045 1105 1133 1169; x_wconf 84' lang='lat' dir='ltr'><strong><em>Cf.</em></strong></span> <span class='ocrx_word' id='word_1_73' title='bbox 1183 1107 1263 1170; x_wconf 81' lang='lat' dir='ltr'><strong><em>ad</em></strong></span> <span class='ocrx_word' id='word_1_74' title='bbox 1306 1105 1404 1170; x_wconf 85' lang='lat' dir='ltr'><strong><em>Tr.</em></strong></span> <span class='ocrx_word' id='word_1_75' title='bbox 1454 1106 1601 1170; x_wconf 92' lang='lat'><strong>272.</strong></span> <span class='ocrx_word' id='word_1_76' title='bbox 1649 1104 1721 1170; x_wconf 94' lang='lat' dir='ltr'><strong><em>O.</em></strong></span> <span class='ocrx_word' id='word_1_77' title='bbox 1754 1103 1825 1168; x_wconf 91' lang='lat' dir='ltr'><strong><em>R.</em></strong></span> <span class='ocrx_word' id='word_1_78' title='bbox 1878 1107 2022 1168; x_wconf 87' lang='lat'><strong>782.</strong></span> <span class='ocrx_word' id='word_1_79' title='bbox 2071 1106 2261 1169; x_wconf 89' lang='lat' dir='ltr'><strong>Arist.</strong></span> <span class='ocrx_word' id='word_1_80' title='bbox 2310 1109 2429 1169; x_wconf 86' lang='lat' dir='ltr'><strong><em>Av.</em></strong></span> <span class='ocrx_word' id='word_1_81' title='bbox 2481 1107 2668 1169; x_wconf 85' lang='lat'><strong>1365.</strong></span> 
     </span>
    </p>

    <p class='ocr_par' dir='ltr' id='par_1_5' title="bbox 669 1191 3127 1368">
     <span class='ocr_line' id='line_1_9' title="bbox 849 1191 3127 1279; baseline -0.001 -20"><span class='ocrx_word' id='word_1_82' title='bbox 849 1197 996 1259; x_wconf 86' lang='lat'><strong>499.</strong></span> <span class='ocrx_word' id='word_1_83' title='bbox 1045 1195 1263 1279; x_wconf 79' lang='grc' dir='ltr'><strong><em>ψυχὴν</em></strong></span> <span class='ocrx_word' id='word_1_84' title='bbox 1301 1232 1380 1242; x_wconf 92' lang='grc'>-</span> <span class='ocrx_word' id='word_1_85' title='bbox 1412 1198 1492 1279; x_wconf 87' lang='grc' dir='ltr'><strong><em>ἢν</em></strong></span> <span class='ocrx_word' id='word_1_86' title='bbox 1537 1196 1763 1266; x_wconf 85' lang='grc' dir='ltr'><strong><em>εὔνους</em></strong></span> <span class='ocrx_word' id='word_1_87' title='bbox 1807 1191 2016 1279; x_wconf 82' lang='grc' dir='ltr'><strong><em>παρῇ]</em></strong></span> <span class='ocrx_word' id='word_1_88' title='bbox 2074 1192 2162 1258; x_wconf 84' lang='lat' dir='ltr'><strong><em>Cf.</em></strong></span> <span class='ocrx_word' id='word_1_89' title='bbox 2208 1193 2308 1258; x_wconf 90' lang='lat' dir='ltr'><strong><em>Fr.</em></strong></span> <span class='ocrx_word' id='word_1_90' title='bbox 2359 1195 2459 1257; x_wconf 88' lang='grc'><strong>97.</strong></span> <span class='ocrx_word' id='word_1_91' title='bbox 2507 1195 2684 1278; x_wconf 87' lang='grc' dir='ltr'><strong><em>ψυχὴ</em></strong></span> <span class='ocrx_word' id='word_1_92' title='bbox 2735 1193 2857 1276; x_wconf 88' lang='grc' dir='ltr'><strong><em>γὰρ</em></strong></span> <span class='ocrx_word' id='word_1_93' title='bbox 2904 1196 3127 1264; x_wconf 85' lang='grc' dir='ltr'><strong><em>εὔνους</em></strong></span> 
     </span>
     <span class='ocr_line' id='line_1_10' title="bbox 669 1284 1694 1368; baseline -0.002 -19"><span class='ocrx_word' id='word_1_94' title='bbox 669 1284 777 1349; x_wconf 75' lang='grc' dir='ltr'><strong><em>καὶ</em></strong></span> <span class='ocrx_word' id='word_1_95' title='bbox 822 1291 1156 1368; x_wconf 84' lang='grc' dir='ltr'><strong><em>φρονοῦσα</em></strong></span> <span class='ocrx_word' id='word_1_96' title='bbox 1201 1285 1534 1349; x_wconf 87' lang='grc' dir='ltr'><strong><em>τοῦνδικον</em></strong></span> <span class='ocrx_word' id='word_1_97' title='bbox 1579 1291 1694 1348; x_wconf 87' lang='lat' dir='ltr'><strong>etc.</strong></span> 
     </span>
    </p>

    <p class='ocr_par' dir='ltr' id='par_1_6' title="bbox 852 1373 2787 1457">
     <span class='ocr_line' id='line_1_11' title="bbox 852 1373 2787 1457; baseline -0.001 -20"><span class='ocrx_word' id='word_1_98' title='bbox 852 1375 1001 1438; x_wconf 94' lang='grc'><strong>500.</strong></span> <span class='ocrx_word' id='word_1_99' title='bbox 1046 1374 1251 1456; x_wconf 80' lang='grc' dir='ltr'><strong><em>μόνον</em></strong></span> <span class='ocrx_word' id='word_1_100' title='bbox 1298 1373 1416 1457; x_wconf 92' lang='grc'><strong><em>--]</em></strong></span> <span class='ocrx_word' id='word_1_101' title='bbox 1465 1373 1722 1438; x_wconf 85' lang='lat' dir='ltr'><strong>Solum</strong></span> <span class='ocrx_word' id='word_1_102' title='bbox 1772 1392 1951 1437; x_wconf 85' lang='lat' dir='ltr'><strong>vero</strong></span> <span class='ocrx_word' id='word_1_103' title='bbox 1997 1392 2109 1437; x_wconf 83' lang='lat' dir='ltr'><strong><em>me</em></strong></span> <span class='ocrx_word' id='word_1_104' title='bbox 2155 1392 2305 1436; x_wconf 89' lang='lat' dir='ltr'><strong><em>non</em></strong></span> <span class='ocrx_word' id='word_1_105' title='bbox 2351 1373 2787 1455; x_wconf 83' lang='lat' dir='ltr'><strong>relinquite.</strong></span> 
     </span>
    </p>

    <p class='ocr_par' dir='ltr' id='par_1_7' title="bbox 672 1460 3124 1617">
     <span class='ocr_line' id='line_1_12' title="bbox 850 1460 3124 1547; baseline -0.002 -21"><span class='ocrx_word' id='word_1_106' title='bbox 850 1464 998 1527; x_wconf 92' lang='grc'><strong>504.</strong></span> <span class='ocrx_word' id='word_1_107' title='bbox 1041 1462 1259 1547; x_wconf 86' lang='grc' dir='ltr'><strong><em>τοῦτο]</em></strong></span> <span class='ocrx_word' id='word_1_108' title='bbox 1308 1463 1401 1528; x_wconf 80' lang='lat' dir='ltr'><strong><em>Of.</em></strong></span> <span class='ocrx_word' id='word_1_109' title='bbox 1451 1463 1597 1527; x_wconf 97' lang='grc'><strong>640.</strong></span> <span class='ocrx_word' id='word_1_110' title='bbox 1646 1462 1716 1526; x_wconf 91' lang='grc' dir='ltr'><strong><em>Ο.</em></strong></span> <span class='ocrx_word' id='word_1_111' title='bbox 1750 1462 1822 1526; x_wconf 91' lang='lat' dir='ltr'><strong><em>R.</em></strong></span> <span class='ocrx_word' id='word_1_112' title='bbox 1870 1462 2017 1525; x_wconf 87' lang='lat'><strong>407.</strong></span> <span class='ocrx_word' id='word_1_113' title='bbox 2083 1462 2265 1533; x_wconf 86' lang='grc' dir='ltr'><strong><em>ὅπως</em></strong></span> <span class='ocrx_word' id='word_1_114' title='bbox 2309 1461 2601 1545; x_wconf 82' lang='grc' dir='ltr'><strong><em>λύσομεν,</em></strong></span> <span class='ocrx_word' id='word_1_115' title='bbox 2655 1460 2802 1525; x_wconf 92' lang='grc' dir='ltr'><strong><em>τόδε</em></strong></span> <span class='ocrx_word' id='word_1_116' title='bbox 2847 1467 3124 1525; x_wconf 81' lang='grc' dir='ltr'><strong><em>σκοπεῖν.</em></strong></span> 
     </span>
     <span class='ocr_line' id='line_1_13' title="bbox 672 1553 1196 1617; baseline 0 0"><span class='ocrx_word' id='word_1_117' title='bbox 672 1559 735 1617; x_wconf 86' lang='lat' dir='ltr'><strong><em>et</em></strong></span> <span class='ocrx_word' id='word_1_118' title='bbox 778 1553 854 1616; x_wconf 86' lang='lat' dir='ltr'><strong><em>ad</em></strong></span> <span class='ocrx_word' id='word_1_119' title='bbox 901 1553 999 1617; x_wconf 84' lang='lat' dir='ltr'><strong><em>Tr.</em></strong></span> <span class='ocrx_word' id='word_1_120' title='bbox 1048 1553 1196 1617; x_wconf 92' lang='grc'><strong>457.</strong></span> 
     </span>
    </p>

    <p class='ocr_par' dir='ltr' id='par_1_8' title="bbox 849 1639 2560 1725">
     <span class='ocr_line' id='line_1_14' title="bbox 849 1639 2560 1725; baseline -0.002 -20"><span class='ocrx_word' id='word_1_121' title='bbox 849 1643 996 1705; x_wconf 87' lang='grc'><strong>505.</strong></span> <span class='ocrx_word' id='word_1_122' title='bbox 1042 1641 1395 1725; x_wconf 80' lang='grc' dir='ltr'><strong><em>τούκεῖθεν]</em></strong></span> <span class='ocrx_word' id='word_1_123' title='bbox 1444 1641 1535 1705; x_wconf 86' lang='lat' dir='ltr'><strong><em>Cf.</em></strong></span> <span class='ocrx_word' id='word_1_124' title='bbox 1580 1641 1677 1705; x_wconf 84' lang='lat' dir='ltr'><strong><em>Tr.</em></strong></span> <span class='ocrx_word' id='word_1_125' title='bbox 1728 1641 1875 1704; x_wconf 85' lang='lat'><strong>929.</strong></span> <span class='ocrx_word' id='word_1_126' title='bbox 1921 1639 1992 1703; x_wconf 88' lang='grc' dir='ltr'><strong><em>τὸ</em></strong></span> <span class='ocrx_word' id='word_1_127' title='bbox 2038 1646 2206 1704; x_wconf 85' lang='grc' dir='ltr'><strong><em>κεῖσε</em></strong></span> <span class='ocrx_word' id='word_1_128' title='bbox 2253 1640 2444 1723; x_wconf 83' lang='grc' dir='ltr'><strong><em>δεῦρό</em></strong></span> <span class='ocrx_word' id='word_1_129' title='bbox 2490 1639 2560 1702; x_wconf 89' lang='grc' dir='ltr'><strong><em>τ’.</em></strong></span> 
     </span>
    </p>

    <p class='ocr_par' dir='ltr' id='par_1_9' title="bbox 670 1728 3129 2081">
     <span class='ocr_line' id='line_1_15' title="bbox 852 1728 3127 1812; baseline -0.001 -19"><span class='ocrx_word' id='word_1_130' title='bbox 852 1731 998 1795; x_wconf 90' lang='grc'><strong>506.</strong></span> <span class='ocrx_word' id='word_1_131' title='bbox 1047 1731 1138 1795; x_wconf 84' lang='lat' dir='ltr'><strong><em>Cf.</em></strong></span> <span class='ocrx_word' id='word_1_132' title='bbox 1187 1728 1257 1794; x_wconf 94' lang='grc' dir='ltr'><strong><em>Ο.</em></strong></span> <span class='ocrx_word' id='word_1_133' title='bbox 1290 1729 1361 1792; x_wconf 87' lang='lat' dir='ltr'><strong><em>R.</em></strong></span> <span class='ocrx_word' id='word_1_134' title='bbox 1415 1731 1605 1793; x_wconf 84' lang='lat'><strong>1461.</strong></span> <span class='ocrx_word' id='word_1_135' title='bbox 1662 1730 1825 1794; x_wconf 84' lang='grc' dir='ltr'><strong><em>ὥστε</em></strong></span> <span class='ocrx_word' id='word_1_136' title='bbox 1869 1729 1960 1812; x_wconf 84' lang='grc' dir='ltr'><strong><em>μὴ</em></strong></span> <span class='ocrx_word' id='word_1_137' title='bbox 2010 1730 2235 1793; x_wconf 82' lang='grc' dir='ltr'><strong><em>σπάνιν</em></strong></span> <span class='ocrx_word' id='word_1_138' title='bbox 2289 1728 2442 1794; x_wconf 85' lang='grc' dir='ltr'><strong><em>ποτὲ</em></strong></span> <span class='ocrx_word' id='word_1_139' title='bbox 2489 1735 2659 1812; x_wconf 87' lang='grc' dir='ltr'><strong><em>σχεῖν</em></strong></span> <span class='ocrx_word' id='word_1_140' title='bbox 2693 1766 2773 1777; x_wconf 91' lang='grc'><strong>-</strong></span> <span class='ocrx_word' id='word_1_141' title='bbox 2807 1735 2920 1794; x_wconf 85' lang='grc' dir='ltr'><strong><em>τοῦ</em></strong></span> <span class='ocrx_word' id='word_1_142' title='bbox 2964 1730 3127 1812; x_wconf 82' lang='grc' dir='ltr'><strong><em>βίου.</em></strong></span> 
     </span>
     <span class='ocr_line' id='line_1_16' title="bbox 673 1816 3127 1903; baseline -0.002 -20"><span class='ocrx_word' id='word_1_143' title='bbox 673 1821 818 1885; x_wconf 89' lang='grc'><strong>507.</strong></span> <span class='ocrx_word' id='word_1_144' title='bbox 946 1819 1294 1902; x_wconf 83' lang='grc' dir='ltr'><strong><em>Ἀντιγόνη,</em></strong></span> <span class='ocrx_word' id='word_1_145' title='bbox 1343 1817 1420 1883; x_wconf 88' lang='grc' dir='ltr'><strong><em>σὺ</em></strong></span> <span class='ocrx_word' id='word_1_146' title='bbox 1470 1817 1666 1903; x_wconf 84' lang='grc' dir='ltr'><strong><em>δ’-]</em></strong></span> <span class='ocrx_word' id='word_1_147' title='bbox 1716 1818 1808 1882; x_wconf 84' lang='lat' dir='ltr'><strong><em>Of.</em></strong></span> <span class='ocrx_word' id='word_1_148' title='bbox 1844 1820 1991 1882; x_wconf 84' lang='lat' dir='ltr'><strong>Ant.</strong></span> <span class='ocrx_word' id='word_1_149' title='bbox 2017 1819 2204 1882; x_wconf 92' lang='grc'><strong>1087.</strong></span> <span class='ocrx_word' id='word_1_150' title='bbox 2253 1816 2312 1882; x_wconf 82' lang='grc' dir='ltr'><em>ὦ</em></span> <span class='ocrx_word' id='word_1_151' title='bbox 2342 1824 2484 1892; x_wconf 89' lang='grc' dir='ltr'><strong><em>παῖ,</em></strong></span> <span class='ocrx_word' id='word_1_152' title='bbox 2532 1817 2610 1882; x_wconf 86' lang='grc' dir='ltr'><strong><em>σὺ</em></strong></span> <span class='ocrx_word' id='word_1_153' title='bbox 2644 1818 2704 1882; x_wconf 86' lang='grc' dir='ltr'><strong><em>δ’</em></strong></span> <span class='ocrx_word' id='word_1_154' title='bbox 2742 1855 2848 1881; x_wconf 82' lang='lat'><strong><em>-.</em></strong></span> <span class='ocrx_word' id='word_1_155' title='bbox 2896 1819 3127 1882; x_wconf 88' lang='lat' dir='ltr'><strong>Aesch.</strong></span> 
     </span>
     <span class='ocr_line' id='line_1_17' title="bbox 670 1906 3129 1994; baseline -0.001 -20"><span class='ocrx_word' id='word_1_156' title='bbox 670 1908 838 1994; x_wconf 89' lang='lat' dir='ltr'><strong>Sept.</strong></span> <span class='ocrx_word' id='word_1_157' title='bbox 889 1911 945 1973; x_wconf 88' lang='lat'><strong><em>3.</em></strong></span> <span class='ocrx_word' id='word_1_158' title='bbox 997 1907 1337 1991; x_wconf 82' lang='grc' dir='ltr'><strong><em>Ἥφαιστε,</em></strong></span> <span class='ocrx_word' id='word_1_159' title='bbox 1403 1908 1503 1973; x_wconf 84' lang='grc' dir='ltr'><strong><em>σοὶ</em></strong></span> <span class='ocrx_word' id='word_1_160' title='bbox 1568 1908 1637 1972; x_wconf 80' lang='grc' dir='ltr'><strong><em>δὲ</em></strong></span> <span class='ocrx_word' id='word_1_161' title='bbox 1688 1945 1797 1970; x_wconf 87' lang='grc'><strong><em>--.</em></strong></span> <span class='ocrx_word' id='word_1_162' title='bbox 1873 1906 2063 1971; x_wconf 89' lang='lat' dir='ltr'><strong>Hom.</strong></span> <span class='ocrx_word' id='word_1_163' title='bbox 2109 1907 2182 1971; x_wconf 90' lang='lat' dir='ltr'><strong><em>Il.</em></strong></span> <span class='ocrx_word' id='word_1_164' title='bbox 2236 1910 2302 1991; x_wconf 87' lang='lat'><strong><em>1,</em></strong></span> <span class='ocrx_word' id='word_1_165' title='bbox 2348 1910 2497 1971; x_wconf 88' lang='grc'><strong>282.</strong></span> <span class='ocrx_word' id='word_1_166' title='bbox 2541 1906 2850 1991; x_wconf 79' lang='grc' dir='ltr'><strong><em>Ἀτρείδη,</em></strong></span> <span class='ocrx_word' id='word_1_167' title='bbox 2915 1907 2993 1972; x_wconf 87' lang='grc' dir='ltr'><strong><em>σὺ</em></strong></span> <span class='ocrx_word' id='word_1_168' title='bbox 3060 1908 3129 1971; x_wconf 85' lang='grc' dir='ltr'><strong><em>δὲ</em></strong></span> 
     </span>
     <span class='ocr_line' id='line_1_18' title="bbox 670 1999 1275 2081; baseline 0 -20"><span class='ocrx_word' id='word_1_169' title='bbox 670 2005 837 2063; x_wconf 82' lang='grc' dir='ltr'><strong><em>παῦε</em></strong></span> <span class='ocrx_word' id='word_1_170' title='bbox 880 1999 1022 2062; x_wconf 84' lang='grc' dir='ltr'><strong><em>τεὸν</em></strong></span> <span class='ocrx_word' id='word_1_171' title='bbox 1064 1999 1275 2081; x_wconf 85' lang='grc' dir='ltr'><strong><em>μένος.</em></strong></span> 
     </span>
    </p>

    <p class='ocr_par' dir='ltr' id='par_1_10' title="bbox 669 2084 3129 2618">
     <span class='ocr_line' id='line_1_19' title="bbox 852 2084 3128 2170; baseline -0.001 -19"><span class='ocrx_word' id='word_1_172' title='bbox 852 2088 998 2151; x_wconf 90' lang='grc'><strong>510.</strong></span> <span class='ocrx_word' id='word_1_173' title='bbox 1047 2084 1403 2169; x_wconf 75' lang='grc' dir='ltr'><strong><em>ἐπεγείρειν]</em></strong></span> <span class='ocrx_word' id='word_1_174' title='bbox 1471 2085 1562 2150; x_wconf 88' lang='lat' dir='ltr'><strong><em>Cf.</em></strong></span> <span class='ocrx_word' id='word_1_175' title='bbox 1616 2087 1805 2150; x_wconf 91' lang='grc'><strong>1778.</strong></span> <span class='ocrx_word' id='word_1_176' title='bbox 1868 2085 2026 2170; x_wconf 87' lang='grc' dir='ltr'><strong><em>μηδ’</em></strong></span> <span class='ocrx_word' id='word_1_177' title='bbox 2091 2087 2192 2151; x_wconf 79' lang='grc' dir='ltr'><strong><em>ἐπὶ</em></strong></span> <span class='ocrx_word' id='word_1_178' title='bbox 2253 2087 2449 2151; x_wconf 84' lang='grc' dir='ltr'><strong><em>πλείω</em></strong></span> <span class='ocrx_word' id='word_1_179' title='bbox 2490 2086 2500 2169; x_wconf 89' lang='grc' dir='ltr'>Ι</span> <span class='ocrx_word' id='word_1_180' title='bbox 2539 2086 2788 2170; x_wconf 88' lang='grc' dir='ltr'><strong><em>θρῆνον</em></strong></span> <span class='ocrx_word' id='word_1_181' title='bbox 2851 2087 3128 2169; x_wconf 79' lang='grc' dir='ltr'><strong><em>ἐγείρετε.</em></strong></span> 
     </span>
     <span class='ocr_line' id='line_1_20' title="bbox 669 2175 3127 2259; baseline -0.002 -19"><span class='ocrx_word' id='word_1_182' title='bbox 669 2177 767 2240; x_wconf 89' lang='lat' dir='ltr'><strong><em>Tr.</em></strong></span> <span class='ocrx_word' id='word_1_183' title='bbox 805 2176 992 2240; x_wconf 83' lang='lat'><strong>1242.</strong></span> <span class='ocrx_word' id='word_1_184' title='bbox 1027 2177 1174 2239; x_wconf 92' lang='grc'><strong>979.</strong></span> <span class='ocrx_word' id='word_1_185' title='bbox 1211 2176 1398 2240; x_wconf 87' lang='grc'><strong>1008.</strong></span> <span class='ocrx_word' id='word_1_186' title='bbox 1448 2176 1877 2259; x_wconf 82' lang='grc' dir='ltr'><strong><em>ἀνατέτροφας</em></strong></span> <span class='ocrx_word' id='word_1_187' title='bbox 1914 2176 1956 2239; x_wconf 86' lang='grc' dir='ltr'><strong><em>ὅ</em></strong></span> <span class='ocrx_word' id='word_1_188' title='bbox 1982 2200 2035 2239; x_wconf 90' lang='grc' dir='ltr'><strong><em>τι</em></strong></span> <span class='ocrx_word' id='word_1_189' title='bbox 2080 2176 2188 2240; x_wconf 75' lang='grc' dir='ltr'><strong><em>καὶ</em></strong></span> <span class='ocrx_word' id='word_1_190' title='bbox 2231 2176 2403 2259; x_wconf 82' lang='grc' dir='ltr'><strong><em>μύση</em></strong></span> <span class='ocrx_word' id='word_1_191' title='bbox 2436 2175 2765 2258; x_wconf 84' lang='grc' dir='ltr'><strong><em>(καμμύσῃ</em></strong></span> <span class='ocrx_word' id='word_1_192' title='bbox 2779 2178 2849 2255; x_wconf 70' lang='lat' dir='ltr'><strong>P).</strong></span> <span class='ocrx_word' id='word_1_193' title='bbox 2903 2177 3127 2240; x_wconf 82' lang='lat' dir='ltr'><strong>Aescb.</strong></span> 
     </span>
     <span class='ocr_line' id='line_1_21' title="bbox 673 2263 3129 2349; baseline -0.001 -20"><span class='ocrx_word' id='word_1_194' title='bbox 673 2269 791 2349; x_wconf 83' lang='lat' dir='ltr'><strong><em>Ag.</em></strong></span> <span class='ocrx_word' id='word_1_195' title='bbox 841 2266 988 2329; x_wconf 88' lang='grc'><strong>346.</strong></span> <span class='ocrx_word' id='word_1_196' title='bbox 1036 2265 1388 2348; x_wconf 76' lang='grc' dir='ltr'><strong><em>ἐγρηγορὸς</em></strong></span> <span class='ocrx_word' id='word_1_197' title='bbox 1431 2264 1503 2328; x_wconf 85' lang='grc' dir='ltr'><strong><em>τὸ</em></strong></span> <span class='ocrx_word' id='word_1_198' title='bbox 1548 2271 1753 2348; x_wconf 89' lang='grc' dir='ltr'><strong><em>πῆμα.</em></strong></span> <span class='ocrx_word' id='word_1_199' title='bbox 1809 2264 1960 2328; x_wconf 87' lang='lat' dir='ltr'><strong>Eur.</strong></span> <span class='ocrx_word' id='word_1_200' title='bbox 2008 2265 2223 2349; x_wconf 87' lang='lat' dir='ltr'><strong>Suppl.</strong></span> <span class='ocrx_word' id='word_1_201' title='bbox 2276 2265 2463 2328; x_wconf 86' lang='lat'><strong>1146.</strong></span> <span class='ocrx_word' id='word_1_202' title='bbox 2511 2265 2699 2329; x_wconf 83' lang='grc' dir='ltr'><strong><em>οὔπω</em></strong></span> <span class='ocrx_word' id='word_1_203' title='bbox 2744 2263 2951 2328; x_wconf 86' lang='grc' dir='ltr'><strong><em>κακὸν</em></strong></span> <span class='ocrx_word' id='word_1_204' title='bbox 2995 2264 3129 2328; x_wconf 88' lang='grc' dir='ltr'><strong><em>τόδ’</em></strong></span> 
     </span>
     <span class='ocr_line' id='line_1_22' title="bbox 672 2353 3129 2437; baseline -0.001 -19"><span class='ocrx_word' id='word_1_205' title='bbox 672 2355 855 2419; x_wconf 79' lang='grc' dir='ltr'><strong><em>εὕδει.</em></strong></span> <span class='ocrx_word' id='word_1_206' title='bbox 915 2354 1065 2418; x_wconf 87' lang='lat' dir='ltr'><strong>Eur.</strong></span> <span class='ocrx_word' id='word_1_207' title='bbox 1114 2354 1208 2416; x_wconf 83' lang='lat' dir='ltr'><strong><em>El.</em></strong></span> <span class='ocrx_word' id='word_1_208' title='bbox 1256 2356 1360 2417; x_wconf 89' lang='grc'><strong><em>41.</em></strong></span> <span class='ocrx_word' id='word_1_209' title='bbox 1427 2354 1666 2418; x_wconf 80' lang='grc' dir='ltr'><strong><em>εὕδοντ’</em></strong></span> <span class='ocrx_word' id='word_1_210' title='bbox 1723 2356 1804 2417; x_wconf 81' lang='grc' dir='ltr'><strong><em>ἂν</em></strong></span> <span class='ocrx_word' id='word_1_211' title='bbox 1858 2355 2136 2437; x_wconf 78' lang='grc' dir='ltr'><strong><em>ἐξήγειρε</em></strong></span> <span class='ocrx_word' id='word_1_212' title='bbox 2189 2353 2299 2417; x_wconf 88' lang='grc' dir='ltr'><strong><em>τὸν</em></strong></span> <span class='ocrx_word' id='word_1_213' title='bbox 2344 2353 2818 2436; x_wconf 80' lang='grc' dir='ltr'><strong><em>Ἀγαμέμνονος</em></strong></span> <span class='ocrx_word' id='word_1_214' title='bbox 2858 2362 2867 2436; x_wconf 85' lang='grc' dir='ltr'>Ι</span> <span class='ocrx_word' id='word_1_215' title='bbox 2906 2354 3129 2436; x_wconf 81' lang='grc' dir='ltr'><strong><em>φόνον.</em></strong></span> 
     </span>
     <span class='ocr_line' id='line_1_23' title="bbox 672 2441 3129 2526; baseline -0.001 -19"><span class='ocrx_word' id='word_1_216' title='bbox 672 2444 864 2507; x_wconf 87' lang='lat' dir='ltr'><strong>Arist.</strong></span> <span class='ocrx_word' id='word_1_217' title='bbox 895 2446 1017 2508; x_wconf 85' lang='lat' dir='ltr'><strong><em>Av.</em></strong></span> <span class='ocrx_word' id='word_1_218' title='bbox 1055 2444 1243 2506; x_wconf 87' lang='grc'><strong>1413.</strong></span> <span class='ocrx_word' id='word_1_219' title='bbox 1289 2442 1457 2507; x_wconf 76' lang='grc' dir='ltr'><strong><em>τουτὶ</em></strong></span> <span class='ocrx_word' id='word_1_220' title='bbox 1500 2443 1571 2506; x_wconf 87' lang='grc' dir='ltr'><strong><em>τὸ</em></strong></span> <span class='ocrx_word' id='word_1_221' title='bbox 1617 2442 1824 2507; x_wconf 86' lang='grc' dir='ltr'><strong><em>κακὸν</em></strong></span> <span class='ocrx_word' id='word_1_222' title='bbox 1869 2444 1947 2507; x_wconf 86' lang='grc' dir='ltr'><strong><em>οὗ</em></strong></span> <span class='ocrx_word' id='word_1_223' title='bbox 1994 2443 2243 2525; x_wconf 82' lang='grc' dir='ltr'><strong><em>φαῦλον</em></strong></span> <span class='ocrx_word' id='word_1_224' title='bbox 2288 2443 2719 2526; x_wconf 77' lang='grc' dir='ltr'><strong><em>ἐξεγρήγορεν.</em></strong></span> <span class='ocrx_word' id='word_1_225' title='bbox 2768 2441 3129 2506; x_wconf 76' lang='lat' dir='ltr'><strong>Callimach.</strong></span> 
     </span>
     <span class='ocr_line' id='line_1_24' title="bbox 671 2529 2418 2618; baseline 0 -22"><span class='ocrx_word' id='word_1_226' title='bbox 671 2553 766 2618; x_wconf 81' lang='lat' dir='ltr'><strong><em>ap.</em></strong></span> <span class='ocrx_word' id='word_1_227' title='bbox 815 2532 1009 2598; x_wconf 80' lang='lat' dir='ltr'><strong>schol.</strong></span> <span class='ocrx_word' id='word_1_228' title='bbox 1058 2531 1129 2597; x_wconf 96' lang='grc' dir='ltr'><strong><em>Ο.</em></strong></span> <span class='ocrx_word' id='word_1_229' title='bbox 1164 2530 1227 2595; x_wconf 90' lang='lat' dir='ltr'><strong><em>C.</em></strong></span> <span class='ocrx_word' id='word_1_230' title='bbox 1278 2533 1424 2596; x_wconf 87' lang='grc'><strong>510.</strong></span> <span class='ocrx_word' id='word_1_231' title='bbox 1470 2533 1529 2595; x_wconf 83' lang='grc' dir='ltr'><strong><em>τί</em></strong></span> <span class='ocrx_word' id='word_1_232' title='bbox 1569 2533 1855 2615; x_wconf 86' lang='grc' dir='ltr'><strong><em>δάκρυον</em></strong></span> <span class='ocrx_word' id='word_1_233' title='bbox 1900 2529 2090 2596; x_wconf 84' lang='grc' dir='ltr'><strong><em>εὗδον</em></strong></span> <span class='ocrx_word' id='word_1_234' title='bbox 2136 2532 2418 2615; x_wconf 75' lang='grc' dir='ltr'><strong><em>ἑγείρεις,</em></strong></span> 
     </span>
    </p>

    <p class='ocr_par' dir='ltr' id='par_1_11' title="bbox 671 2618 3127 2788">
     <span class='ocr_line' id='line_1_25' title="bbox 852 2618 3127 2709; baseline 0 -24"><span class='ocrx_word' id='word_1_235' title='bbox 852 2624 999 2687; x_wconf 84' lang='grc'><strong>513.</strong></span> <span class='ocrx_word' id='word_1_236' title='bbox 1047 2621 1298 2705; x_wconf 86' lang='grc' dir='ltr'><strong><em>ἀπόρου</em></strong></span> <span class='ocrx_word' id='word_1_237' title='bbox 1354 2618 1688 2709; x_wconf 81' lang='grc' dir='ltr'><strong><em>φανείσας]</em></strong></span> <span class='ocrx_word' id='word_1_238' title='bbox 1757 2620 1847 2686; x_wconf 86' lang='lat' dir='ltr'><strong><em>Cf.</em></strong></span> <span class='ocrx_word' id='word_1_239' title='bbox 1905 2621 2019 2687; x_wconf 88' lang='lat' dir='ltr'><strong><em>Ph.</em></strong></span> <span class='ocrx_word' id='word_1_240' title='bbox 2077 2623 2224 2687; x_wconf 89' lang='grc'><strong>897.</strong></span> <span class='ocrx_word' id='word_1_241' title='bbox 2288 2627 2406 2686; x_wconf 88' lang='grc' dir='ltr'><strong><em>ποῖ</em></strong></span> <span class='ocrx_word' id='word_1_242' title='bbox 2461 2620 2583 2706; x_wconf 86' lang='grc' dir='ltr'><strong><em>χρὴ</em></strong></span> <span class='ocrx_word' id='word_1_243' title='bbox 2648 2622 2930 2704; x_wconf 84' lang='grc' dir='ltr'><strong><em>τᾶπορον</em></strong></span> <span class='ocrx_word' id='word_1_244' title='bbox 2993 2623 3127 2705; x_wconf 79' lang='grc' dir='ltr'><strong><em>τρέ-</em></strong></span> 
     </span>
     <span class='ocr_line' id='line_1_26' title="bbox 671 2713 1043 2788; baseline 0 -13"><span class='ocrx_word' id='word_1_245' title='bbox 671 2736 809 2776; x_wconf 87' lang='grc' dir='ltr'><strong><em>πειν</em></strong></span> <span class='ocrx_word' id='word_1_246' title='bbox 854 2713 1043 2788; x_wconf 69' lang='grc' dir='ltr'><strong><em>ἔπος,ο</em></strong></span> 
     </span>
    </p>

    <p class='ocr_par' dir='ltr' id='par_1_12' title="bbox 854 2797 3064 2885">
     <span class='ocr_line' id='line_1_27' title="bbox 854 2797 3064 2885; baseline 0 -22"><span class='ocrx_word' id='word_1_247' title='bbox 854 2803 1000 2864; x_wconf 87' lang='grc'><strong>514.</strong></span> <span class='ocrx_word' id='word_1_248' title='bbox 1050 2798 1094 2883; x_wconf 78' lang='grc' dir='ltr'>ᾇ</span> <span class='ocrx_word' id='word_1_249' title='bbox 1140 2799 1466 2885; x_wconf 81' lang='grc' dir='ltr'><strong><em>ξυνέστας]</em></strong></span> <span class='ocrx_word' id='word_1_250' title='bbox 1515 2800 1607 2865; x_wconf 85' lang='lat' dir='ltr'><strong><em>Cf.</em></strong></span> <span class='ocrx_word' id='word_1_251' title='bbox 1654 2799 1817 2863; x_wconf 89' lang='lat' dir='ltr'><strong>Phil.</strong></span> <span class='ocrx_word' id='word_1_252' title='bbox 1871 2802 2058 2863; x_wconf 90' lang='grc'><strong>1157.</strong></span> <span class='ocrx_word' id='word_1_253' title='bbox 2104 2801 2337 2884; x_wconf 86' lang='grc' dir='ltr'><strong><em>μυρίον</em></strong></span> <span class='ocrx_word' id='word_1_254' title='bbox 2381 2801 2589 2883; x_wconf 87' lang='grc' dir='ltr'><strong><em>ἄχθος</em></strong></span> <span class='ocrx_word' id='word_1_255' title='bbox 2633 2797 2694 2882; x_wconf 80' lang='grc' dir='ltr'><em>ᾦ</em></span> <span class='ocrx_word' id='word_1_256' title='bbox 2740 2802 3064 2874; x_wconf 81' lang='grc' dir='ltr'><strong><em>ξυνοικεῖς.</em></strong></span> 
     </span>
    </p>

    <p class='ocr_par' dir='ltr' id='par_1_13' title="bbox 674 2888 3131 3152">
     <span class='ocr_line' id='line_1_28' title="bbox 860 2888 3129 2973; baseline 0 -21"><span class='ocrx_word' id='word_1_257' title='bbox 860 2892 1005 2953; x_wconf 87' lang='grc'><strong>517.</strong></span> <span class='ocrx_word' id='word_1_258' title='bbox 1052 2890 1216 2953; x_wconf 83' lang='grc' dir='ltr'><strong><em>πολὺ</em></strong></span> <span class='ocrx_word' id='word_1_259' title='bbox 1265 2927 1347 2937; x_wconf 86' lang='grc'>-</span> <span class='ocrx_word' id='word_1_260' title='bbox 1397 2888 1729 2973; x_wconf 90' lang='grc' dir='ltr'><strong><em>ἄκουσμα]</em></strong></span> <span class='ocrx_word' id='word_1_261' title='bbox 1798 2888 1887 2952; x_wconf 86' lang='lat' dir='ltr'><strong><em>Cf.</em></strong></span> <span class='ocrx_word' id='word_1_262' title='bbox 1938 2891 2084 2953; x_wconf 88' lang='lat'><strong>305.</strong></span> <span class='ocrx_word' id='word_1_263' title='bbox 2133 2890 2378 2953; x_wconf 82' lang='lat' dir='ltr'><strong>Aelian.</strong></span> <span class='ocrx_word' id='word_1_264' title='bbox 2427 2890 2503 2953; x_wconf 88' lang='lat' dir='ltr'><strong>V.</strong></span> <span class='ocrx_word' id='word_1_265' title='bbox 2550 2888 2633 2952; x_wconf 88' lang='lat' dir='ltr'><strong>H.</strong></span> <span class='ocrx_word' id='word_1_266' title='bbox 2679 2888 2760 2952; x_wconf 91' lang='lat' dir='ltr'><strong><em>lI.</em></strong></span> <span class='ocrx_word' id='word_1_267' title='bbox 2817 2891 2911 2952; x_wconf 90' lang='lat'><strong><em>13.</em></strong></span> <span class='ocrx_word' id='word_1_268' title='bbox 2966 2888 3129 2953; x_wconf 87' lang='grc' dir='ltr'><strong><em>πολὺ</em></strong></span> 
     </span>
     <span class='ocr_line' id='line_1_29' title="bbox 676 2976 3131 3063; baseline -0 -20"><span class='ocrx_word' id='word_1_269' title='bbox 676 2979 799 3063; x_wconf 85' lang='grc' dir='ltr'><strong><em>γὰρ</em></strong></span> <span class='ocrx_word' id='word_1_270' title='bbox 845 2977 926 3062; x_wconf 85' lang='grc' dir='ltr'><strong><em>ἦν</em></strong></span> <span class='ocrx_word' id='word_1_271' title='bbox 979 2978 1050 3042; x_wconf 85' lang='grc' dir='ltr'><strong><em>τὸ</em></strong></span> <span class='ocrx_word' id='word_1_272' title='bbox 1103 2985 1216 3043; x_wconf 83' lang='grc' dir='ltr'><strong><em>τοῦ</em></strong></span> <span class='ocrx_word' id='word_1_273' title='bbox 1263 2979 1659 3062; x_wconf 77' lang='grc' dir='ltr'><strong><em>Σωκράτους</em></strong></span> <span class='ocrx_word' id='word_1_274' title='bbox 1704 2979 1931 3061; x_wconf 86' lang='grc' dir='ltr'><strong><em>ὄνομα.</em></strong></span> <span class='ocrx_word' id='word_1_275' title='bbox 1996 2978 2231 3044; x_wconf 80' lang='lat' dir='ltr'><strong>Herod.</strong></span> <span class='ocrx_word' id='word_1_276' title='bbox 2278 2979 2360 3043; x_wconf 92' lang='grc' dir='ltr'><strong><em>ΙΙ.</em></strong></span> <span class='ocrx_word' id='word_1_277' title='bbox 2409 2981 2467 3042; x_wconf 90' lang='grc'><strong><em>2.</em></strong></span> <span class='ocrx_word' id='word_1_278' title='bbox 2530 2977 2769 3043; x_wconf 87' lang='grc' dir='ltr'><strong><em>πολλὸν</em></strong></span> <span class='ocrx_word' id='word_1_279' title='bbox 2821 2976 2902 3061; x_wconf 85' lang='grc' dir='ltr'><strong><em>ἦν</em></strong></span> <span class='ocrx_word' id='word_1_280' title='bbox 2947 2985 3131 3043; x_wconf 82' lang='grc' dir='ltr'><strong><em>τοῦτο</em></strong></span> 
     </span>
     <span class='ocr_line' id='line_1_30' title="bbox 674 3065 3130 3152; baseline -0.001 -20"><span class='ocrx_word' id='word_1_281' title='bbox 674 3069 747 3132; x_wconf 88' lang='grc' dir='ltr'><strong><em>τὸ</em></strong></span> <span class='ocrx_word' id='word_1_282' title='bbox 794 3070 966 3139; x_wconf 82' lang='grc' dir='ltr'><strong><em>ἔπος.</em></strong></span> <span class='ocrx_word' id='word_1_283' title='bbox 1014 3068 1094 3131; x_wconf 92' lang='lat' dir='ltr'><strong><em>II.</em></strong></span> <span class='ocrx_word' id='word_1_284' title='bbox 1148 3070 1290 3132; x_wconf 90' lang='lat'><strong>181.</strong></span> <span class='ocrx_word' id='word_1_285' title='bbox 1356 3069 1493 3133; x_wconf 77' lang='grc' dir='ltr'><strong><em>ἐπεί</em></strong></span> <span class='ocrx_word' id='word_1_286' title='bbox 1531 3092 1596 3132; x_wconf 87' lang='grc' dir='ltr'><strong><em>τε</em></strong></span> <span class='ocrx_word' id='word_1_287' title='bbox 1661 3067 1731 3132; x_wconf 85' lang='grc' dir='ltr'><strong><em>δὲ</em></strong></span> <span class='ocrx_word' id='word_1_288' title='bbox 1777 3068 2015 3132; x_wconf 86' lang='grc' dir='ltr'><strong><em>πολλὸν</em></strong></span> <span class='ocrx_word' id='word_1_289' title='bbox 2068 3075 2252 3132; x_wconf 86' lang='grc' dir='ltr'><strong><em>τοῦτο</em></strong></span> <span class='ocrx_word' id='word_1_290' title='bbox 2299 3069 2546 3151; x_wconf 79' lang='grc' dir='ltr'><strong><em>ἐγίνετο.</em></strong></span> <span class='ocrx_word' id='word_1_291' title='bbox 2679 3066 2987 3152; x_wconf 84' lang='grc' dir='ltr'><strong><em>μηδαμὰ]</em></strong></span> <span class='ocrx_word' id='word_1_292' title='bbox 3043 3065 3130 3130; x_wconf 83' lang='lat' dir='ltr'><strong><em>Cf.</em></strong></span> 
     </span>
    </p>

    <p class='ocr_par' dir='ltr' id='par_1_14' title="bbox 854 3244 2810 3331">
     <span class='ocr_line' id='line_1_31' title="bbox 854 3244 2810 3331; baseline -0.002 -20"><span class='ocrx_word' id='word_1_293' title='bbox 854 3247 1001 3311; x_wconf 87' lang='lat'><strong>518.</strong></span> <span class='ocrx_word' id='word_1_294' title='bbox 1047 3246 1377 3331; x_wconf 86' lang='grc' dir='ltr'><strong><em>ἄκουσμα]</em></strong></span> <span class='ocrx_word' id='word_1_295' title='bbox 1425 3247 1852 3311; x_wconf 87' lang='lat' dir='ltr'><strong>Rumorum.</strong></span> <span class='ocrx_word' id='word_1_296' title='bbox 1931 3244 2161 3311; x_wconf 82' lang='lat' dir='ltr'><strong>Confer</strong></span> <span class='ocrx_word' id='word_1_297' title='bbox 2205 3246 2420 3330; x_wconf 87' lang='grc' dir='ltr'><strong><em>ὅραμα</em></strong></span> <span class='ocrx_word' id='word_1_298' title='bbox 2468 3252 2533 3311; x_wconf 86' lang='lat' dir='ltr'><strong><em>et</em></strong></span> <span class='ocrx_word' id='word_1_299' title='bbox 2575 3247 2810 3328; x_wconf 84' lang='grc' dir='ltr'><strong><em>θέαμα.</em></strong></span> 
     </span>
    </p>

    <p class='ocr_par' dir='ltr' id='par_1_15' title="bbox 677 3334 3133 3496">
     <span class='ocr_line' id='line_1_32' title="bbox 855 3334 3133 3421; baseline -0.001 -21"><span class='ocrx_word' id='word_1_300' title='bbox 855 3336 1002 3400; x_wconf 87' lang='grc'><strong>519.</strong></span> <span class='ocrx_word' id='word_1_301' title='bbox 1049 3338 1324 3418; x_wconf 82' lang='grc' dir='ltr'><strong><em>στέρξον,</em></strong></span> <span class='ocrx_word' id='word_1_302' title='bbox 1371 3337 1666 3421; x_wconf 79' lang='grc' dir='ltr'><strong><em>ἱκετεύω]</em></strong></span> <span class='ocrx_word' id='word_1_303' title='bbox 1713 3337 1890 3401; x_wconf 86' lang='lat' dir='ltr'><strong>Idem</strong></span> <span class='ocrx_word' id='word_1_304' title='bbox 1925 3343 2197 3400; x_wconf 85' lang='lat' dir='ltr'><strong>metrum</strong></span> <span class='ocrx_word' id='word_1_305' title='bbox 2231 3343 2326 3401; x_wconf 87' lang='lat' dir='ltr'><strong><em>est</em></strong></span> <span class='ocrx_word' id='word_1_306' title='bbox 2357 3337 2549 3400; x_wconf 86' lang='lat' dir='ltr'><strong>Arist.</strong></span> <span class='ocrx_word' id='word_1_307' title='bbox 2583 3334 2729 3418; x_wconf 86' lang='lat' dir='ltr'><strong>Lys.</strong></span> <span class='ocrx_word' id='word_1_308' title='bbox 2767 3336 2910 3397; x_wconf 87' lang='grc'><strong>783.</strong></span> <span class='ocrx_word' id='word_1_309' title='bbox 2942 3334 3133 3404; x_wconf 83' lang='grc' dir='ltr'><strong><em>αὐτὸς</em></strong></span> 
     </span>
     <span class='ocr_line' id='line_1_33' title="bbox 677 3427 1111 3496; baseline -0.002 -8"><span class='ocrx_word' id='word_1_310' title='bbox 677 3427 762 3489; x_wconf 75' lang='grc' dir='ltr'><strong><em>ἔτι</em></strong></span> <span class='ocrx_word' id='word_1_311' title='bbox 804 3432 955 3496; x_wconf 88' lang='grc' dir='ltr'><strong><em>παῖς</em></strong></span> <span class='ocrx_word' id='word_1_312' title='bbox 999 3427 1111 3489; x_wconf 85' lang='grc' dir='ltr'><strong><em>ὤν.</em></strong></span> 
     </span>
    </p>

    <p class='ocr_par' dir='ltr' id='par_1_16' title="bbox 857 3513 1995 3598">
     <span class='ocr_line' id='line_1_34' title="bbox 857 3513 1995 3598; baseline 0 -21"><span class='ocrx_word' id='word_1_313' title='bbox 857 3516 1001 3578; x_wconf 87' lang='grc'><strong>520.</strong></span> <span class='ocrx_word' id='word_1_314' title='bbox 1049 3513 1233 3597; x_wconf 85' lang='grc' dir='ltr'><strong><em>κάγὼ</em></strong></span> <span class='ocrx_word' id='word_1_315' title='bbox 1282 3513 1436 3598; x_wconf 86' lang='grc' dir='ltr'><strong><em>γὰρ]</em></strong></span> <span class='ocrx_word' id='word_1_316' title='bbox 1485 3513 1635 3578; x_wconf 87' lang='lat' dir='ltr'><strong>Sub.</strong></span> <span class='ocrx_word' id='word_1_317' title='bbox 1680 3515 1995 3597; x_wconf 89' lang='grc' dir='ltr'><strong><em>πείσομαι.</em></strong></span> 
     </span>
    </p>

    <p class='ocr_par' dir='ltr' id='par_1_17' title="bbox 675 3601 3132 3942">
     <span class='ocr_line' id='line_1_35' title="bbox 856 3601 3131 3687; baseline -0.001 -21"><span class='ocrx_word' id='word_1_318' title='bbox 856 3605 1002 3666; x_wconf 89' lang='grc'><strong>521.</strong></span> <span class='ocrx_word' id='word_1_319' title='bbox 1050 3602 1343 3687; x_wconf 85' lang='grc' dir='ltr'><strong><em>ἤνεγκον]</em></strong></span> <span class='ocrx_word' id='word_1_320' title='bbox 1410 3602 1499 3668; x_wconf 82' lang='lat' dir='ltr'><strong><em>Cf.</em></strong></span> <span class='ocrx_word' id='word_1_321' title='bbox 1551 3605 1695 3667; x_wconf 87' lang='lat'><strong>964.</strong></span> <span class='ocrx_word' id='word_1_322' title='bbox 1760 3605 1837 3674; x_wconf 85' lang='grc' dir='ltr'><strong><em>ἃς</em></strong></span> <span class='ocrx_word' id='word_1_323' title='bbox 1883 3603 2284 3687; x_wconf 80' lang='grc' dir='ltr'><strong><em>(ξυμφορὰς)</em></strong></span> <span class='ocrx_word' id='word_1_324' title='bbox 2332 3640 2414 3649; x_wconf 92' lang='grc'>-</span> <span class='ocrx_word' id='word_1_325' title='bbox 2464 3604 2734 3686; x_wconf 83' lang='grc' dir='ltr'><strong><em>ἤνεγκον</em></strong></span> <span class='ocrx_word' id='word_1_326' title='bbox 2779 3602 2976 3666; x_wconf 89' lang='grc' dir='ltr'><strong><em>ἄκων.</em></strong></span> <span class='ocrx_word' id='word_1_327' title='bbox 3034 3601 3131 3665; x_wconf 88' lang='lat' dir='ltr'><strong>Fr.</strong></span> 
     </span>
     <span class='ocr_line' id='line_1_36' title="bbox 680 3690 3131 3777; baseline -0 -22"><span class='ocrx_word' id='word_1_328' title='bbox 680 3694 828 3757; x_wconf 83' lang='lat'><strong>592.</strong></span> <span class='ocrx_word' id='word_1_329' title='bbox 876 3694 1067 3757; x_wconf 83' lang='lat' dir='ltr'><strong>Arist.</strong></span> <span class='ocrx_word' id='word_1_330' title='bbox 1112 3692 1222 3755; x_wconf 88' lang='lat' dir='ltr'><strong><em>Th.</em></strong></span> <span class='ocrx_word' id='word_1_331' title='bbox 1274 3694 1419 3756; x_wconf 86' lang='grc'><strong>743.</strong></span> <span class='ocrx_word' id='word_1_332' title='bbox 1590 3692 1921 3777; x_wconf 81' lang='grc' dir='ltr'><strong><em>κακότατ’]</em></strong></span> <span class='ocrx_word' id='word_1_333' title='bbox 1970 3692 2370 3757; x_wconf 75' lang='lat' dir='ltr'><strong>Miseriam.</strong></span> <span class='ocrx_word' id='word_1_334' title='bbox 2419 3692 2509 3757; x_wconf 88' lang='lat' dir='ltr'><strong><em>of.</em></strong></span> <span class='ocrx_word' id='word_1_335' title='bbox 2556 3692 2651 3756; x_wconf 88' lang='grc' dir='ltr'><strong><em>ΕΙ.</em></strong></span> <span class='ocrx_word' id='word_1_336' title='bbox 2700 3692 2848 3755; x_wconf 88' lang='grc'><strong>236.</strong></span> <span class='ocrx_word' id='word_1_337' title='bbox 2893 3690 3131 3755; x_wconf 80' lang='lat' dir='ltr'><strong>Herod.</strong></span> 
     </span>
     <span class='ocr_line' id='line_1_37' title="bbox 676 3779 3132 3866; baseline -0 -23"><span class='ocrx_word' id='word_1_338' title='bbox 676 3780 786 3844; x_wconf 89' lang='lat' dir='ltr'><strong><em>VI.</em></strong></span> <span class='ocrx_word' id='word_1_339' title='bbox 835 3782 938 3845; x_wconf 92' lang='grc'><strong><em>67.</em></strong></span> <span class='ocrx_word' id='word_1_340' title='bbox 999 3783 1233 3865; x_wconf 88' lang='grc' dir='ltr'><strong><em>μυρίης</em></strong></span> <span class='ocrx_word' id='word_1_341' title='bbox 1294 3781 1647 3864; x_wconf 88' lang='grc' dir='ltr'><strong><em>κακότητος</em></strong></span> <span class='ocrx_word' id='word_1_342' title='bbox 1708 3785 1749 3865; x_wconf 87' lang='grc' dir='ltr'><em>ἢ</em></span> <span class='ocrx_word' id='word_1_343' title='bbox 1814 3783 2048 3866; x_wconf 89' lang='grc' dir='ltr'><strong><em>μυρίης</em></strong></span> <span class='ocrx_word' id='word_1_344' title='bbox 2111 3783 2530 3866; x_wconf 80' lang='grc' dir='ltr'><strong><em>εὐδαιμονίης.</em></strong></span> <span class='ocrx_word' id='word_1_345' title='bbox 2603 3781 2789 3846; x_wconf 86' lang='lat' dir='ltr'><strong>Pind.</strong></span> <span class='ocrx_word' id='word_1_346' title='bbox 2837 3779 2935 3844; x_wconf 83' lang='lat' dir='ltr'><strong><em>Fr.</em></strong></span> <span class='ocrx_word' id='word_1_347' title='bbox 2988 3781 3132 3843; x_wconf 92' lang='grc'><strong>171.</strong></span> 
     </span>
     <span class='ocr_line' id='line_1_38' title="bbox 675 3870 1634 3942; baseline -0.002 -8"><span class='ocrx_word' id='word_1_348' title='bbox 675 3870 1021 3942; x_wconf 89' lang='grc' dir='ltr'><strong><em>θεόσδοτος</em></strong></span> <span class='ocrx_word' id='word_1_349' title='bbox 1067 3872 1294 3934; x_wconf 87' lang='grc' dir='ltr'><strong><em>ἀτλάτα</em></strong></span> <span class='ocrx_word' id='word_1_350' title='bbox 1340 3871 1634 3942; x_wconf 89' lang='grc' dir='ltr'><strong><em>κακότας.</em></strong></span> 
     </span>
    </p>

    <p class='ocr_par' dir='ltr' id='par_1_18' title="bbox 676 3959 3134 4399">
     <span class='ocr_line' id='line_1_39' title="bbox 858 3959 3134 4043; baseline 0 -21"><span class='ocrx_word' id='word_1_351' title='bbox 858 3962 1004 4023; x_wconf 87' lang='grc'><strong>522.</strong></span> <span class='ocrx_word' id='word_1_352' title='bbox 1054 3960 1141 4024; x_wconf 84' lang='lat' dir='ltr'><strong><em>Cf.</em></strong></span> <span class='ocrx_word' id='word_1_353' title='bbox 1194 3962 1337 4024; x_wconf 89' lang='grc'><strong>964.</strong></span> <span class='ocrx_word' id='word_1_354' title='bbox 1406 3959 1504 4024; x_wconf 81' lang='lat' dir='ltr'><strong><em>Fr.</em></strong></span> <span class='ocrx_word' id='word_1_355' title='bbox 1565 3960 1711 4023; x_wconf 86' lang='lat'><strong>604.</strong></span> <span class='ocrx_word' id='word_1_356' title='bbox 1787 3960 1970 4024; x_wconf 88' lang='grc' dir='ltr'><strong><em>ἄκων</em></strong></span> <span class='ocrx_word' id='word_1_357' title='bbox 2034 3961 2093 4024; x_wconf 91' lang='grc' dir='ltr'><strong><em>δ’</em></strong></span> <span class='ocrx_word' id='word_1_358' title='bbox 2158 3960 2465 4043; x_wconf 80' lang='grc' dir='ltr'><strong><em>ἁμαρτὼν</em></strong></span> <span class='ocrx_word' id='word_1_359' title='bbox 2528 3961 2696 4031; x_wconf 86' lang='grc' dir='ltr'><strong><em>οὔτις</em></strong></span> <span class='ocrx_word' id='word_1_360' title='bbox 2758 3960 3134 4042; x_wconf 83' lang='grc' dir='ltr'><strong><em>ἀνθρώπων</em></strong></span> 
     </span>
     <span class='ocr_line' id='line_1_40' title="bbox 683 4047 3132 4133; baseline 0 -21"><span class='ocrx_word' id='word_1_361' title='bbox 683 4049 902 4119; x_wconf 86' lang='grc' dir='ltr'><strong><em>κακός.</em></strong></span> <span class='ocrx_word' id='word_1_362' title='bbox 950 4047 1102 4112; x_wconf 88' lang='lat' dir='ltr'><strong>Eur.</strong></span> <span class='ocrx_word' id='word_1_363' title='bbox 1151 4049 1248 4113; x_wconf 89' lang='lat' dir='ltr'><strong><em>Fr.</em></strong></span> <span class='ocrx_word' id='word_1_364' title='bbox 1298 4051 1445 4113; x_wconf 88' lang='grc'><strong>265.</strong></span> <span class='ocrx_word' id='word_1_365' title='bbox 1502 4049 1806 4133; x_wconf 82' lang='grc' dir='ltr'><strong><em>ὁμολογῶ</em></strong></span> <span class='ocrx_word' id='word_1_366' title='bbox 1861 4050 1935 4114; x_wconf 83' lang='grc' dir='ltr'><strong><em>δέ</em></strong></span> <span class='ocrx_word' id='word_1_367' title='bbox 1978 4073 2048 4113; x_wconf 91' lang='grc' dir='ltr'><strong><em>σε</em></strong></span> <span class='ocrx_word' id='word_1_368' title='bbox 2096 4050 2106 4132; x_wconf 72' lang='grc' dir='ltr'>Ι</span> <span class='ocrx_word' id='word_1_369' title='bbox 2156 4050 2418 4114; x_wconf 86' lang='grc' dir='ltr'><strong><em>ἀδικεῖν·</em></strong></span> <span class='ocrx_word' id='word_1_370' title='bbox 2465 4048 2535 4112; x_wconf 85' lang='grc' dir='ltr'><strong><em>τὸ</em></strong></span> <span class='ocrx_word' id='word_1_371' title='bbox 2584 4049 2642 4113; x_wconf 90' lang='grc' dir='ltr'><strong><em>δ’</em></strong></span> <span class='ocrx_word' id='word_1_372' title='bbox 2690 4048 2951 4132; x_wconf 81' lang='grc' dir='ltr'><strong><em>ἀδίκημ’</em></strong></span> <span class='ocrx_word' id='word_1_373' title='bbox 2998 4049 3132 4131; x_wconf 79' lang='grc' dir='ltr'><strong><em>ἐγέ-</em></strong></span> 
     </span>
     <span class='ocr_line' id='line_1_41' title="bbox 676 4136 3133 4223; baseline 0 -22"><span class='ocrx_word' id='word_1_374' title='bbox 676 4138 798 4202; x_wconf 89' lang='grc' dir='ltr'><strong><em>νετ’</em></strong></span> <span class='ocrx_word' id='word_1_375' title='bbox 854 4138 975 4221; x_wconf 79' lang='grc' dir='ltr'><strong><em>οὐχ</em></strong></span> <span class='ocrx_word' id='word_1_376' title='bbox 1030 4139 1340 4203; x_wconf 80' lang='grc' dir='ltr'><strong><em>ἑκούσιον.</em></strong></span> <span class='ocrx_word' id='word_1_377' title='bbox 1407 4139 1598 4202; x_wconf 85' lang='lat' dir='ltr'><strong>Arist.</strong></span> <span class='ocrx_word' id='word_1_378' title='bbox 1647 4138 1837 4223; x_wconf 86' lang='lat' dir='ltr'><strong>Vesp.</strong></span> <span class='ocrx_word' id='word_1_379' title='bbox 1900 4140 2086 4202; x_wconf 86' lang='grc'><strong>1002.</strong></span> <span class='ocrx_word' id='word_1_380' title='bbox 2155 4139 2475 4220; x_wconf 81' lang='grc' dir='ltr'><strong><em>ξύγγνωτέ</em></strong></span> <span class='ocrx_word' id='word_1_381' title='bbox 2534 4157 2674 4220; x_wconf 89' lang='grc' dir='ltr'><strong><em>μοι·</em></strong></span> <span class='ocrx_word' id='word_1_382' title='bbox 2713 4138 2724 4219; x_wconf 90' lang='grc' dir='ltr'>Ι</span> <span class='ocrx_word' id='word_1_383' title='bbox 2764 4138 2946 4202; x_wconf 89' lang='grc' dir='ltr'><strong><em>ἄκων</em></strong></span> <span class='ocrx_word' id='word_1_384' title='bbox 3010 4136 3133 4221; x_wconf 85' lang='grc' dir='ltr'><strong><em>γὰρ</em></strong></span> 
     </span>
     <span class='ocr_line' id='line_1_42' title="bbox 678 4225 3133 4312; baseline 0 -23"><span class='ocrx_word' id='word_1_385' title='bbox 678 4228 813 4290; x_wconf 86' lang='grc' dir='ltr'><strong><em>αὔτ’</em></strong></span> <span class='ocrx_word' id='word_1_386' title='bbox 860 4228 1097 4311; x_wconf 83' lang='grc' dir='ltr'><strong><em>ἔδρασα</em></strong></span> <span class='ocrx_word' id='word_1_387' title='bbox 1144 4228 1268 4291; x_wconf 82' lang='grc' dir='ltr'><strong>κοῦ</strong></span> <span class='ocrx_word' id='word_1_388' title='bbox 1312 4229 1557 4310; x_wconf 81' lang='grc' dir='ltr'><strong><em>τούμοῦ</em></strong></span> <span class='ocrx_word' id='word_1_389' title='bbox 1603 4227 1861 4310; x_wconf 90' lang='grc' dir='ltr'><strong><em>τρόπου.</em></strong></span> <span class='ocrx_word' id='word_1_390' title='bbox 2020 4226 2175 4298; x_wconf 87' lang='grc' dir='ltr'><strong><em>θεὸς</em></strong></span> <span class='ocrx_word' id='word_1_391' title='bbox 2220 4227 2403 4312; x_wconf 88' lang='grc' dir='ltr'><strong><em>ἴστω]</em></strong></span> <span class='ocrx_word' id='word_1_392' title='bbox 2452 4225 2542 4289; x_wconf 84' lang='lat' dir='ltr'><strong><em>Cf.</em></strong></span> <span class='ocrx_word' id='word_1_393' title='bbox 2593 4229 2739 4291; x_wconf 87' lang='lat' dir='ltr'><strong>Ant.</strong></span> <span class='ocrx_word' id='word_1_394' title='bbox 2794 4228 2935 4291; x_wconf 91' lang='grc'><strong>184.</strong></span> <span class='ocrx_word' id='word_1_395' title='bbox 2982 4228 3133 4290; x_wconf 81' lang='grc' dir='ltr'><strong><em>ἴστω</em></strong></span> 
     </span>
     <span class='ocr_line' id='line_1_43' title="bbox 680 4314 2421 4399; baseline 0.001 -20"><span class='ocrx_word' id='word_1_396' title='bbox 680 4314 841 4387; x_wconf 88' lang='grc' dir='ltr'><strong><em>Ζεὺς</em></strong></span> <span class='ocrx_word' id='word_1_397' title='bbox 887 4318 924 4380; x_wconf 88' lang='grc' dir='ltr'>ὁ</span> <span class='ocrx_word' id='word_1_398' title='bbox 968 4317 1170 4381; x_wconf 88' lang='grc' dir='ltr'><strong><em>πάνθ’</em></strong></span> <span class='ocrx_word' id='word_1_399' title='bbox 1216 4317 1411 4399; x_wconf 85' lang='grc' dir='ltr'><strong><em>δρῶν.</em></strong></span> <span class='ocrx_word' id='word_1_400' title='bbox 1455 4317 1554 4381; x_wconf 78' lang='grc' dir='ltr'><strong>Τι’.</strong></span> <span class='ocrx_word' id='word_1_401' title='bbox 1603 4319 1751 4381; x_wconf 85' lang='grc'><strong>399.</strong></span> <span class='ocrx_word' id='word_1_402' title='bbox 1798 4318 1948 4380; x_wconf 88' lang='grc' dir='ltr'><strong><em>ἴστω</em></strong></span> <span class='ocrx_word' id='word_1_403' title='bbox 1993 4318 2194 4399; x_wconf 87' lang='grc' dir='ltr'><strong><em>με’γας</em></strong></span> <span class='ocrx_word' id='word_1_404' title='bbox 2241 4316 2421 4388; x_wconf 88' lang='grc' dir='ltr'><strong><em>Ζεύς.</em></strong></span> 
     </span>
    </p>

    <p class='ocr_par' dir='ltr' id='par_1_19' title="bbox 681 4401 3133 4577">
     <span class='ocr_line' id='line_1_44' title="bbox 858 4401 3133 4491; baseline 0 -22"><span class='ocrx_word' id='word_1_405' title='bbox 858 4408 1003 4469; x_wconf 89' lang='grc'><strong>524.</strong></span> <span class='ocrx_word' id='word_1_406' title='bbox 1051 4406 1115 4476; x_wconf 79' lang='grc' dir='ltr'><strong><em>ἐς</em></strong></span> <span class='ocrx_word' id='word_1_407' title='bbox 1177 4401 1293 4491; x_wconf 84' lang='grc' dir='ltr'><strong><em>τί,·]</em></strong></span> <span class='ocrx_word' id='word_1_408' title='bbox 1364 4404 1782 4482; x_wconf 80' lang='lat' dir='ltr'><strong>Quorsum?</strong></span> <span class='ocrx_word' id='word_1_409' title='bbox 1868 4406 2166 4490; x_wconf 86' lang='lat' dir='ltr'><strong>Anglice,</strong></span> <span class='ocrx_word' id='word_1_410' title='bbox 2238 4408 2325 4469; x_wconf 85' lang='lat' dir='ltr'><strong><em>In</em></strong></span> <span class='ocrx_word' id='word_1_411' title='bbox 2391 4407 2589 4470; x_wconf 84' lang='lat' dir='ltr'><strong>what</strong></span> <span class='ocrx_word' id='word_1_412' title='bbox 2659 4411 2987 4490; x_wconf 80' lang='lat' dir='ltr'><strong>respect,</strong></span> <span class='ocrx_word' id='word_1_413' title='bbox 3061 4410 3133 4469; x_wconf 87' lang='lat' dir='ltr'><strong><em>to</em></strong></span> 
     </span>
     <span class='ocr_line' id='line_1_45' title="bbox 681 4494 1494 4577; baseline 0.005 -22"><span class='ocrx_word' id='word_1_414' title='bbox 681 4494 878 4557; x_wconf 80' lang='lat' dir='ltr'><strong>what</strong></span> <span class='ocrx_word' id='word_1_415' title='bbox 921 4495 1009 4558; x_wconf 90' lang='lat' dir='ltr'><strong><em>do</em></strong></span> <span class='ocrx_word' id='word_1_416' title='bbox 1055 4515 1205 4577; x_wconf 87' lang='lat' dir='ltr'><strong><em>you</em></strong></span> <span class='ocrx_word' id='word_1_417' title='bbox 1252 4495 1494 4559; x_wconf 77' lang='lat' dir='ltr'><strong>refer?</strong></span> 
     </span>
    </p>
   </div>
  </div>
 </body>
</html>
