3463 5287
702 415 831 478 242
934 383 939 387 ’
1625 430 1877 477 omns
1923 427 2230 476 commus

701 591 854 657 οὗὸὲ
916 590 1026 655 τὸν
1089 589 1281 667 αὐτὸν
1344 589 1441 654 ἀεὶ
1492 591 1758 673 βεβάναι
1814 590 2019 672 ὁόμον
2082 589 2350 671 εὐτυχίᾳ.
2405 587 2560 652 Hec.
2613 589 2759 673 970.
2822 587 3025 659 αἰδώς
3085 587 3162 670 μ’

702 683 828 764 ἔχει
867 680 876 764 Ι
918 681 985 743 ἐν
1029 680 1195 764 τῷὸε
1238 680 1469 762 πότμῳ
1514 679 1890 763 τυγχάνουσ’
1937 679 2014 743 ἵν’
2062 679 2186 761 εἰμὶ
2230 684 2362 742 νῦν.

885 771 1074 833 1359.
1121 768 1455 853 βεβηκὼς]
1528 769 1798 833 Thomas
1855 767 2018 851 Mag.
2086 766 2319 851 Βεβὼς
2383 767 2643 830 Ἀττικοὶ
2715 767 2991 849 λέγουσι,
3079 767 3161 829 οὗ

700 859 1028 942 βεβηκὼς,
1075 859 1182 922 καὶ
1226 860 1503 941 βεβᾶσιν,
1552 859 1629 921 οὗ
1675 858 2038 942 βεβήκασιν.
2116 857 2206 922 Cf.
2254 859 2403 920 Ant.
2455 857 2602 920 996.
2648 857 2878 939 βεβώς.
2927 856 3030 919 67.

883 948 1071 1011 1360.
1120 949 1198 1011 οὗ
1243 946 1519 1012 κλαυστὰ
1568 947 1625 1010 ‹5’
1673 946 1856 1031 ἐστὶν]
1922 945 2066 1011 Sed
2128 966 2277 1010 non
2342 946 2709 1028 lacrymis
2773 964 2960 1029 opus
3024 951 3158 1009 est.

703 1034 789 1101 Cf.
839 1038 1064 1102 Aesch.
1113 1036 1278 1121 Sept.
1329 1038 1473 1100 363.
1527 1037 2027 1101 πολυκλαύστων
2073 1036 2172 1117 (al.
2217 1035 2696 1115 πολυκλαύτων)
2743 1035 2972 1117 ἀχέων.
3050 1033 3162 1099 Sic

700 1125 973 1198 καυστὸς
1011 1133 1076 1190 et
1103 1126 1335 1197 καυτὸς
1380 1129 1440 1207 (a
1477 1126 1691 1205 καίω),
1740 1131 1805 1190 et
1834 1124 2117 1208 γνωστὸς
2149 1124 2414 1208 γνωτός,
2462 1123 2723 1196 ἀνεκτὸς
2754 1131 2820 1189 et
2847 1124 3160 1194 ἀνεκτέος.

706 1215 991 1286 Κλαυτὸς
1036 1214 1353 1297 significat
1396 1215 1711 1279 flebilis.

720 1385 724 1388 Α
884 1306 1071 1368 1361.
1121 1303 1216 1370 Cf.
1266 1306 1365 1388 Aj.
1416 1305 1604 1372 1117.
1670 1304 1796 1374 ἕως
1860 1302 1988 1387 (ὡς
2033 1303 2233 1388 vulg.)
2298 1304 2377 1366 ἂν
2439 1301 2518 1386 ᾖς
2583 1302 2842 1385 οἷόσπερ
2906 1301 2975 1365 εἴ.
3040 1302 3158 1365 Ph.

704 1395 849 1458 635.
904 1394 1089 1458 1330.
1156 1393 1313 1457 Plat.
1361 1392 1625 1456 Phaedr.
1676 1394 1803 1457 243
1838 1391 1908 1456 Ε.
1974 1399 2156 1457 τοῦτο
2227 1392 2347 1474 μὲν
2410 1392 2685 1457 πιστεύω
2758 1393 3011 1473 ἕωσπερ
3075 1392 3160 1454 ἂν

700 1482 780 1566 ᾖς
825 1485 897 1554 ὃς
943 1481 1010 1546 εἴ.
1055 1482 1211 1546 Tim.
1262 1483 1344 1546 78
1377 1480 1451 1544 D.
1499 1483 1752 1564 ἕωσπερ
1798 1484 1878 1546 ἂν
1923 1483 1962 1564 ἡ
2010 1483 2190 1553 πόλις
2236 1482 2598 1565 ξυνεστήκῃ.

884 1572 1071 1635 1362.
1118 1571 1358 1654 μόχθῳ
1389 1570 1542 1654 τῴὅ’
1575 1608 1661 1618 -
1692 1571 2025 1656 ἔντροφον]
2075 1571 2164 1636 Cf.
2196 1572 2295 1652 Aj.
2319 1572 2464 1634 623.
2511 1571 2749 1653 παλαιᾷ
2791 1571 2911 1653 μὲν
2941 1571 3157 1652 ἔντρο-

701 1685 828 1744 φος
873 1661 1098 1743 ἁμέρᾳ.
1176 1659 1300 1724 Sed
1345 1660 1496 1724 Eur.
1534 1660 1668 1745 Iph.
1702 1662 1779 1723 A.
1814 1661 1960 1723 289.
2006 1661 2169 1730 Αἴας
2201 1660 2259 1723 ὀ’
2294 1661 2331 1724 ὁ
2362 1659 2727 1743 Σαλαμῖνος
2758 1659 3160 1742 (ΣαλαμῖνιΡ)

701 1752 802 1814 ἔντ
845 1774 882 1814 ο
936 1774 1025 1821 ος.

801 1774 841 1833 ρ
884 1774 1072 1902 10363.
1121 1839 1192 1902 ἐκ
1240 1838 1450 1923 σέθεν]
1497 1838 1640 1904 Per
1684 1840 2057 1922 (propter)
2105 1844 2191 1903 te.

886 1929 1074 1991 1364.
1122 1931 1361 1992 ἑπαιτῶ
1410 1964 1492 1974 —-
1539 1928 1704 2013 βίον]
1771 1927 1860 1992 Cf.
1908 1928 2058 1991 Eur.
2106 1927 2290 1991 RheS.
2342 1928 2487 1991 715.
2551 1928 2693 2010 βίον
2751 1926 2808 1991 ὁ’
2864 1928 3155 1991 ἐπαιτῶν.

789 2017 899 2082 τὸν
943 2017 1098 2081 καθ’
1146 2018 1392 2100 ἡμέραν
1436 2017 1599 2101 βίον]
1667 2011 1764 2080 Cf.
1802 2017 1900 2081 Fr.
1951 2017 2099 2097 536,
2148 2019 2203 2079 2.
2259 2015 2330 2079 τὸ
2384 2015 2522 2080 κατ’
2569 2015 2746 2099 ἆμαρ
2792 2017 3157 2099 πορσύνων.

705 2106 869 2171 Phil.
922 2108 1108 2169 1083.
1164 2107 1223 2168 τί
1262 2107 1403 2170 ποτ’
1461 2105 1576 2170 οὗν
1627 2130 1741 2189 μοι
1786 2105 1857 2171 τὸ
1903 2105 2041 2170 κατ’
2089 2103 2266 2189 ἆμαρ
2312 2107 2512 2182 ἔσται,·
2559 2107 2750 2170 Arist.
2798 2106 2913 2190 Eq.
2966 2107 3155 2170 1101.

702 2194 933 2277 κριθὰς
994 2201 1204 2278 ποριῶ
1268 2219 1368 2260 σοι
1430 2196 1537 2258 καὶ
1589 2197 1731 2278 βίον
1787 2196 1942 2260 καθ’
1999 2196 2262 2278 ἡμέραν.
2325 2195 2511 2257 1126.
2567 2195 2807 2278 ἥδομαι
2859 2195 3156 2278 βρύλλων

700 2286 771 2348 τὸ
819 2284 974 2348 καθ’
1022 2286 1285 2367 ἡμέραν.
1331 2285 1523 2349 Isocr.
1572 2285 1670 2366 12,
1706 2285 1848 2347 179.
1896 2285 2047 2349 ὥστ’
2095 2285 2415 2354 ἐπιπόνως
2462 2285 2931 2367 ἐργαζομένους
2974 2284 3157 2367 μόλις

702 2375 865 2456 ἔχειν
909 2372 980 2437 τὸ
1025 2372 1180 2436 καθ’
1226 2375 1488 2456 ἡμέραν.
1536 2373 1786 2437 Heliod.
1820 2373 1929 2437 Vl.
1962 2394 2019 2456 p.
2054 2376 2199 2437 284.
2247 2375 2286 2456 ἡ
2321 2373 2474 2438 καθ’
2521 2374 2770 2456 ἡμέραν
2812 2374 3158 2455 ἀναγκαῖος

700 2463 924 2545 τροφή.
972 2462 1054 2525 II.
1108 2463 1205 2524 15.
1252 2462 1291 2545 ἡ
1341 2463 1664 2545 ἐφήμερος
1707 2464 1931 2545 τροφή.

888 2552 1073 2615 1365.
1121 2552 1179 2614 εί
1221 2551 1276 2614 δ’
1324 2552 1597 2633 ἐξέφυσα
1644 2552 1834 2615 τάσδε
1876 2551 1968 2634 μὴ
2007 2551 2121 2637 -]
2171 2550 2260 2615 Cf.
2307 2551 2469 2616 Phil.
2506 2552 2608 2615 66.
2656 2553 2714 2615 εἰ
2755 2551 2813 2616 δ’
2861 2548 3152 2637 ἐργάσειΙ

700 2640 792 2725 μὴ
840 2647 1048 2706 ταῦτα.
1099 2642 1244 2704 653.
1292 2640 1386 2713 ὡς
1430 2641 1593 2705 λίπω
1638 2641 1730 2725 μή
1778 2665 1869 2723 τῳ
1913 2641 2136 2724 μάτην.
2187 2643 2332 2705 332.
2380 2642 2634 2725 φράσῃς
2677 2666 2788 2724 μοι
2833 2641 2925 2724 μὴ
2973 2641 3155 2724 πέρα.

701 2730 797 2795 El.
849 2732 994 2794 992.
1061 2732 1253 2794 Arist.
1299 2730 1454 2794 Rau.
1505 2732 1651 2794 639.
1717 2729 1871 2794 εἶναι
1934 2737 2156 2795 τοῦτον
2219 2732 2381 2813 ἡγοῦ
2443 2732 2534 2814 μὴ
2599 2730 2771 2795 θεόν.
2842 2732 3030 2794 1417.
3077 2729 3156 2793 ἵν’

703 2821 896 2903 ἔλθῃς
939 2820 1030 2903 μὴ
1078 2820 1300 2902 μάτην.
1347 2819 1491 2884 Pac.
1527 2821 1673 2883 672.
1721 2819 2022 2884 ἔσπευὸεν
2068 2819 2220 2883 εἶναι
2264 2820 2355 2903 μὴ
2402 2821 2632 2903 μάχας.
2681 2820 2829 2883 Eur.
2865 2820 3017 2884 Heo.
3057 2821 3157 2884 11.

702 2908 780 2973 ἵν’
828 2948 911 2957 --
958 2915 1085 2980 τοῖς
1131 2911 1326 2984 ζῶσιν
1371 2911 1463 2992 εἴη
1511 2909 1688 2973 παισὶ
1731 2909 1823 2992 μὴ
1873 2910 2095 2979 σπάνις
2139 2911 2300 2992 βίου.

885 2999 1072 3063 1366.
1119 2997 1159 3081 ἦ
1208 3000 1319 3061 τᾶν
1367 2998 1484 3083 -]
1543 2998 1633 3063 Cf.
1681 2999 1905 3063 Aesch.
1953 2997 2119 3082 Sept.
2170 3001 2314 3062 548.
2372 2998 2411 3082 ἦ
2468 3001 2580 3062 τᾶν
2634 2999 2946 3069 πανώλεις
2991 3022 3156 3081 παγ-

701 3092 923 3159 κακῶς
968 3090 1018 3151 τ’
1066 3088 1329 3152 ὀλοίατο.

886 3178 1073 3241 1368.
1121 3177 1247 3240 αἵδ’
1303 3176 1556 3260 ἅνὸρες,
1632 3178 1709 3242 οὗ
1768 3178 2088 3262 γυναῖκες]
2165 3177 2254 3242 Cf.
2303 3180 2450 3242 Ant.
2498 3179 2646 3240 484.
2722 3177 2760 3260 ἦ
2818 3182 2932 3241 νῦν
2997 3175 3156 3261 (τᾶρ’

702 3274 815 3331 aut
855 3267 1059 3350 μὴνΡ)
1108 3266 1236 3350 ἐγὼ
1281 3267 1401 3349 μὲν
1446 3268 1566 3331 οὐκ
1613 3267 1804 3350 ἀνὴρ,
1851 3269 2006 3351 αὕτη
2058 3267 2115 3331 δ’
2162 3267 2351 3351 ἀνὴρ,
2393 3264 2403 3353 Ι
2445 3268 2502 3331 εἶ
2540 3267 2665 3330 κτλ.

886 3356 1075 3419 1369.
1121 3357 1223 3420 κεί
1260 3357 1351 3439 μὴ
1401 3355 1534 3430 σὸς,
1583 3356 1738 3420 ἀλλὰ
1773 3357 1891 3441 —J
1940 3357 2116 3422 Inest
2159 3355 2643 3422 forsan-allusio
2692 3356 2772 3419 ad
2816 3355 3156 3439 Polynices

704 3444 899 3510 verba
949 3446 1137 3508 1323.
1186 3445 1314 3527 ἐγὼ
1363 3445 1433 3510 δὲ
1479 3446 1605 3516 σὸς.

887 3535 1074 3598 1370.
1123 3535 1371 3620 εἰσορᾷ]
1447 3533 1536 3598 Cf.
1589 3536 1777 3599 1536.
1843 3535 2029 3599 Pind.
2088 3535 2156 3599 P.
2211 3534 2325 3599 111.
2385 3537 2486 3598 85.
2551 3535 2814 3617 λαγέταν
2878 3534 3000 3617 γάρ
3062 3559 3158 3599 τοι

704 3625 1013 3707 τύραννον
1079 3623 1361 3706 ὅέρκεται
1426 3625 1771 3708 (regards
1835 3626 2014 3688 with
2080 3625 2407 3706 favour),
2472 3626 2535 3687 εἴ
2585 3623 2695 3687 τιν’
2761 3624 3154 3707 ἀνθρώπων,

705 3715 742 3778 ὁ
786 3715 986 3796 μέγας
1030 3711 1312 3796 Πότμος.
1391 3712 1497 3777 Sic
1543 3714 1906 3777 ἐποπτεύειν
1954 3712 2047 3777 Ol.
2096 3713 2238 3776 VH.
2292 3714 2390 3775 11.
2572 3714 2706 3776 οὔτι
2749 3713 2889 3798 πω]
2940 3713 3028 3778 Of.
3077 3714 3153 3778 ad

869 3893 1072 3955 1371.
1120 3892 1213 3962 ὡς
1258 3890 1489 3974 αὐτίκ’]
1539 3889 1634 3955 Sc.
1683 3891 2012 3973 εἰσόψεται.

884 3981 1072 4044 1373.
1120 3980 1418 4065 ἐρείψεις]
1469 3978 1560 4042 Cf.
1595 3981 1742 4044 Ant.
1779 3981 1923 4044 596.
1971 3981 2196 4062 ἐρείπει
2243 3980 2421 4044 θεῶν
2464 4004 2553 4051 τις
2599 3981 2879 4063 (γενεάν).
2928 3982 3155 4047 Aesch.

703 4069 870 4154 Sept.
919 4072 1066 4134 880.
1115 4070 1436 4152 ὄωμάτων
1483 4070 1894 4152 ἐρειψίτοιχοι.
1942 4068 2094 4133 Eur.
2131 4069 2267 4154 Iph.
2297 4069 2361 4133 Τ.
2395 4071 2498 4133 49.
2544 4076 2674 4134 πᾶν
2721 4071 2780 4135 δ’
2827 4074 3155 4156 ἐρείψιμον

702 4162 917 4243 στέγος
956 4160 965 4237 Ι
1005 4160 1398 4243 βεβλημένον
1443 4159 1606 4240 πρὸς
1654 4156 1869 4230 οὖδας.
1917 4159 2145 4223 Bacch.
2196 4162 2252 4222 7.
2302 4159 2527 4242 ὅόμων
2573 4161 2824 4244 ἐρείπια.

885 4251 1072 4313 1375.
1121 4250 1330 4334 σφῷν]
1372 4249 1461 4314 Cf.
1497 4250 1641 4312 952.
1678 4250 1775 4331 Aj.
1811 4250 1956 4312 301.
1991 4257 2139 4332 σκιᾷ
2167 4273 2280 4312 τινι
2321 4248 2329 4335 Ι
2370 4251 2599 4332 λόγους
2631 4252 2889 4314 ἀνέσπα.
2924 4253 3155 4316 Aescb.

702 4340 821 4422 Ag.
860 4341 1046 4401 1235.
1095 4339 1418 4402 ἄσπονδόν
1462 4340 1512 4401 τ’
1560 4337 1725 4420 ἀρὰν
1765 4337 1773 4420 Ι
1815 4339 2020 4421 φίλοις
2065 4340 2397 4404 πνέουσαν.
2460 4339 2626 4423 Sept.
2664 4342 2808 4404 785.
2853 4340 3157 4404 τέκνοισιν

704 4428 759 4490 δ’
808 4428 969 4510 ἀρὰς
1015 4428 1252 4511 ἐφῆκεν
1307 4428 1637 4498 ἐπικότους
1690 4433 1963 4510 τροφᾶς,
2009 4430 2163 4501 αἰαῖ,
2211 4429 2734 4511 πικρογλώσσους
2780 4429 2956 4511 ἀράς.
3003 4430 3155 4493 Eur.

703 4514 938 4582 Phoen.
987 4519 1133 4580 890.
1191 4518 1263 4580 ἐκ
1312 4517 1370 4581 δ’
1419 4519 1665 4581 ἔπνευσ’
1714 4518 1926 4588 αὐτοῖς
1979 4518 2141 4600 ἀρὰς
2181 4519 2190 4601 Ι
2234 4519 2456 4588 δεινάς.
2515 4518 2705 4603 Hipp.
2758 4520 2946 4581 1324.
2995 4519 3157 4602 ἀρὰς
