3463 5287
1280 427 1530 472 onulfus
1576 426 1881 472 commus
2676 407 2801 468 217

354 588 480 661 λεξ’
527 587 656 669 ἐγὼ
698 588 706 670 Ι
756 588 1024 670 φράσον.
1091 587 1236 651 Pae.
1287 587 1430 649 676.
1498 587 1618 649 οὐκ
1674 585 1754 668 ἦν
1808 586 1912 667 ἄρ’
1961 584 2161 667 οὗπερ
2224 586 2416 668 φησὶν
2480 584 2632 648 εἶναι
2696 590 2807 648 τοῦ

354 677 610 757 πατρός.
791 676 1062 759 νόμους]
1128 676 1216 741 Cf.
1266 674 1357 738 ΕΙ.
1412 676 1597 738 1043.
1652 676 1896 745 τούτοις
1940 675 2068 757 ἐγὼ
2125 676 2241 757 ζῆν
2290 681 2417 745 τοῖς
2461 674 2683 757 νόμοις
2729 674 2808 737 οὗ

353 766 689 849 βούλομαι.
757 766 901 828 Ant.
958 767 1097 829 191.
1152 764 1407 828 τοιοῖσδ’
1463 765 1591 846 ἐγὼ
1646 765 1897 846 νόμοισι
1949 764 2122 847 τήνδ’
2169 765 2349 837 αὔξω
2394 764 2592 826 πόλιν.
2659 765 2807 826 847.

357 857 514 925 οἵοις
560 854 796 936 νόμοις.
866 853 1011 918 Eur.
1058 855 1248 938 Hipp.
1305 856 1507 916 1049.
1547 855 1665 937 οὐχ
1715 854 1884 917 οὕτω
1931 852 2161 935 θανεῖΙ
2202 853 2421 933 ὥσπερ
2469 852 2546 916 σὺ
2594 861 2810 935 σαυτῷ

354 944 537 1007 τόνδε
582 944 967 1027 προύθηκας
997 944 1214 1025 νόμον.
1260 943 1428 1007 Men.
1462 942 1571 1005 IV.
1609 944 1755 1005 227.
1803 944 1860 1006 εἰ
1902 942 1961 1006 δ’
2009 943 2108 1005 ἐπὶ
2143 948 2270 1013 τοῖς
2301 943 2511 1012 αὐτοῖς
2541 942 2762 1026 νόμοις
2797 938 2805 1026 Ι

356 1034 460 1113 ἐφ’
527 1034 747 1115 οἷσπερ
820 1034 998 1116 ἡμεῖς
1062 1034 1337 1103 ἔσπασος
1398 1032 1507 1096 τὸν
1571 1032 1727 1114 ἀέρα
1792 1030 1899 1095 τὸν
1963 1032 2196 1105 κοινὸν,
2255 1038 2368 1097 etc.
2434 1032 2629 1094 Anth.
2677 1031 2808 1094 Pal.

358 1122 435 1184 V.
470 1124 615 1186 207.
664 1127 889 1204 φοιτᾶν
933 1128 1059 1192 τοῖς
1104 1124 1330 1205 ταύτης
1377 1122 1804 1205 (Ἀφροδίτης)
1850 1122 1970 1185 οὐκ
2017 1121 2305 1185 ἐθέλουσι
2350 1121 2586 1202 νόμοις.

541 1212 684 1275 908.
735 1209 823 1274 Cf.
872 1210 966 1274 El.
1017 1212 1160 1274 513.
1226 1214 1265 1293 ἡ
1334 1212 1455 1293 γὰρ
1502 1211 1659 1293 Δίκη
1726 1235 1822 1274 νιν
1885 1211 2057 1283 εἷλεν,
2123 1212 2243 1274 οὐκ
2300 1209 2429 1293 ἐγὼ
2474 1210 2661 1293 μόνη.
2710 1210 2809 1292 Aj.

366 1303 507 1363 113.
555 1307 761 1370 κεῖνος
808 1301 877 1364 δὲ
922 1302 1066 1364 τίσει
1110 1300 1296 1384 τήνδε
1341 1301 1505 1364 κοῦκ
1553 1301 1747 1383 ἄλλην
1796 1301 1991 1382 δίκην.
2160 1299 2666 1383 ἅρμοσθήσεται]
2715 1298 2808 1360 Cf.

362 1391 554 1453 Arist.
604 1389 717 1473 Eq.
772 1392 957 1453 1236.
1006 1392 1072 1453 ἐν
1115 1397 1310 1454 ταῖσιν
1356 1391 1640 1471 εὕστραις
1685 1389 2019 1459 κονδύλοις
2065 1390 2489 1472 ἡρμοττόμην.
2547 1387 2808 1452 Lucian.

362 1480 542 1563 Apol.
597 1481 693 1542 11.
760 1481 822 1542 οἱ
872 1479 982 1549 τὰς
1035 1480 1246 1550 πόλεις
1302 1480 1726 1562 ἁρμόττοντες.
1826 1478 2131 1542 Similiter
2188 1480 2376 1542 Arist.
2429 1477 2613 1562 Vesp.
2663 1480 2809 1540 254.

360 1570 419 1631 εἴ
458 1569 534 1651 νὴ
585 1568 688 1630 Δί’
735 1567 925 1639 αὖθις
970 1569 1303 1640 κονδύλοις
1348 1569 1765 1651 νουθετήσεθ’
1812 1570 1997 1651 ἡμᾶς.

542 1658 686 1721 910.
735 1660 963 1740 στήσῃς
1008 1659 1209 1742 ἄγων]
1259 1659 1346 1722 Cf.
1402 1660 1584 1722 1342.
1635 1658 1846 1740 στήσω
1894 1661 1948 1720 σ’
1995 1658 2189 1738 ἄγων.

543 1749 687 1810 911.
738 1747 825 1811 cf.
874 1748 966 1810 ΕΙ.
1016 1746 1160 1810 800.
1211 1747 1360 1812 Eur.
1412 1747 1608 1810 Andr.
1661 1748 1848 1808 1274.
1913 1753 2102 1810 ταῦτα
2171 1747 2230 1810 δ’
2295 1746 2490 1819 ἀξίως
2529 1745 2539 1829 Ι
2580 1752 2813 1827 σαυτῆς

362 1863 424 1901 τε
469 1843 667 1906 ποιεῖς
714 1837 821 1899 καὶ
866 1838 1108 1900 τέκνων
1152 1843 1282 1901 τῶν
1329 1838 1399 1901 ἐκ
1448 1838 1651 1901 σέθεν.

543 1926 686 1988 913.
738 1926 925 1989 δίκαι’
991 1926 1338 2010 ἀσκοῦσαν]
1415 1924 1501 1988 Cf.
1548 1927 1643 1988 Tr.
1695 1928 1840 1988 384.
1908 1925 2055 1988 Eur.
2106 1924 2335 1988 Bacch.
2386 1925 2530 1987 641.
2598 1924 2813 1987 ἀσκεῖν

363 2016 652 2097 σώφρον’
699 2015 1091 2097 εὐοργησίαν.
1140 2015 1353 2100 Suppl.
1397 2017 1542 2079 882.
1589 2015 1953 2097 χρηστότητ’
2001 2014 2341 2097 ἠσκηκότα.
2393 2014 2539 2075 912.
2584 2012 2812 2093 τάγάθ’

362 2106 648 2186 ἀσκήσας
680 2105 858 2187 ἀνήρ.
908 2105 1045 2168 Hel.
1088 2106 1272 2168 1103.
1306 2106 1549 2175 ἀπάτας
1588 2143 1661 2151 -
1699 2105 2000 2167 ἀσκοῦσα.
2054 2105 2276 2167 Bacch.
2311 2104 2458 2165 476.
2507 2103 2811 2183 ἀσέβειαν.

361 2195 697 2257 ἀσκοῦντα.
752 2195 936 2257 Arist.
969 2192 1133 2256 Nub.
1172 2196 1314 2257 931.
1363 2194 1579 2257 λαλιὰν
1626 2231 1708 2240 -
1759 2193 2044 2275 ἀσκῆσαι.
2094 2193 2321 2256 Aesch.
2373 2193 2578 2256 Prom.
2630 2191 2811 2254 1066.

360 2282 658 2365 κακότητ’
706 2283 934 2347 ἀσκεῖν.
984 2284 1201 2347 Crates
1247 2283 1433 2345 Anal.
1470 2283 1569 2345 ΒΓ.
1605 2282 1650 2344 Ι.
1691 2283 1831 2346 186.
1880 2282 2018 2346 ὅσοι
2063 2281 2138 2345 τὰ
2187 2281 2374 2345 δίκαι’
2421 2282 2739 2345 ἀσκοῦσιν.

546 2372 689 2435 917.
737 2372 918 2435 πόλιν
973 2372 1346 2455 κένανδρον]
1414 2372 1504 2435 Cf.
1556 2372 1778 2435 Aesch.
1829 2372 1997 2435 PerS.
2051 2372 2193 2434 117.
2259 2371 2611 2452 κένανδρον
2672 2370 2815 2451 μέγ’

362 2463 533 2525 ἄστυ.
585 2464 729 2524 736.
767 2463 910 2525 767.
960 2460 1177 2545 Suppl.
1213 2462 1361 2525 660.
1407 2463 1653 2544 μήποτε
1698 2461 1920 2543 λοιμὸς
1966 2460 2224 2543 ἀνδρῶν
2269 2461 2471 2524 τῶνδε
2516 2460 2577 2542 (l.
2609 2460 2816 2539 τάνδε)

360 2551 544 2614 πόλιν
589 2551 879 2615 κενώσαι.

545 2641 689 2704 918.
738 2643 872 2705 ἴσον
918 2650 1010 2724 τῷ
1054 2640 1311 2724 μηδενί]
1379 2640 1466 2704 Cf.
1517 2639 1588 2703 O.
1621 2639 1692 2703 R.
1748 2640 1933 2703 1019.
1998 2640 2106 2703 καὶ
2168 2646 2310 2711 πῶς
2374 2640 2412 2704 δ
2476 2640 2685 2722 φύσας
2749 2639 2819 2712 ἐξ

363 2733 503 2794 ἴσου
560 2739 651 2812 τῷ
702 2731 962 2813 μηδενί;
1034 2736 1174 2793 Ant.
1231 2732 1415 2792 1325.
1479 2729 1588 2793 τὸν
1644 2731 1764 2793 οὐκ
1823 2731 1970 2793 ὄντα
2026 2730 2269 2811 μᾶλλον
2315 2733 2354 2812 ἢ
2400 2730 2664 2812 μηδένα.
2720 2729 2816 2792 Tr.

370 2821 557 2883 1108.
604 2822 727 2882 κᾶν
771 2820 842 2882 τὸ
886 2821 1091 2902 μηδὲν
1138 2818 1211 2882 (ἶ).
1280 2820 1425 2882 Eur.
1475 2820 1607 2882 Ion.
1659 2820 1803 2881 596.
1870 2820 1906 2882 ὁ
1951 2819 2155 2901 μηδὲν
2210 2822 2306 2882 ὢν
2359 2820 2484 2893 κάξ
2531 2819 2818 2882 οὐδένων

363 2910 425 2987 (Ι.
472 2909 598 2972 κάκ
644 2909 968 2992 μηδένων)
1022 2910 1430 2990 κεκλήσομαι.
1508 2907 1740 2972 Herod.
1788 2908 1965 2971 VIII.
2021 2909 2161 2971 106.
2228 2910 2318 2971 ὅτι
2380 2933 2463 2990 με
2527 2909 2657 2970 ἀντ’
2706 2908 2815 2970 ἀν-

320 2997 521 3079 ·δρός
576 2999 876 3080 ἐποίησας
930 2999 1001 3062 τὸ
1055 2998 1259 3080 μηδὲν
1316 2997 1485 3061 εἶναι.
1623 3006 1715 3079 τῷ
1760 2997 2017 3082 μηδενί]
2076 2997 2327 3079 Μηδενὶ
2376 2998 2477 3061 hic
2524 2997 2821 3060 masculi-

366 3108 519 3149 num
578 3094 686 3151 est.
770 3088 1027 3169 Alioqui
1093 3096 1186 3169 τῷ
1246 3087 1452 3170 μηδὲν
1516 3093 1621 3164 (se.
1670 3089 1820 3166 ὄντι)
1883 3086 2291 3150 scribendum
2356 3087 2520 3151 foret
2581 3091 2654 3149 ut
2706 3091 2817 3148 τοῦ

363 3177 568 3259 μηδὲν
613 3179 684 3241 in
730 3179 828 3259 Aj.
884 3179 1068 3240 1231.

546 3267 692 3328 919.
740 3267 860 3329 οὐκ
909 3267 1284 3329 ἐπαίδευσαν
1330 3266 1557 3350 κακόν]
1617 3265 1704 3329 Cf.
1755 3265 1916 3328 Phil.
1955 3265 2142 3328 1361.
2196 3264 2288 3334 οἷς
2335 3264 2456 3346 γὰρ
2503 3266 2542 3346 ἡ
2592 3265 2816 3346 γνώμη

365 3361 591 3418 κακῶν
632 3357 640 3436 Ι
680 3357 889 3438 μήτηρ
937 3358 1209 3438 γένηται,
1266 3356 1453 3418 τᾶλλα
1499 3356 1781 3418 παιδεύει
1827 3355 2070 3424 κακούς
2117 3353 2307 3434 (κακὰ
2360 3356 2563 3435 vulg).

547 3446 692 3506 923.
738 3445 812 3507 τὰ
860 3451 986 3508 τῶν
1034 3446 1208 3508 θεῶν
1257 3445 1373 3528 ——]
1422 3445 1698 3528 ἶκτήρια]
1750 3443 1838 3507 Cf.
1874 3443 2021 3506 Eur.
2056 3441 2205 3507 Her.
2245 3445 2385 3507 102.
2435 3442 2602 3513 εἰκὸς
2643 3442 2819 3505 θεῶν

365 3535 640 3615 ἱκτῆρος
668 3533 996 3597 αἰδεῖσθαι.

548 3625 693 3686 924.
742 3630 857 3705 σῆς
903 3624 1306 3705 ἐπεμβαίνων
1354 3623 1627 3708 χθονὸς]
1696 3621 1782 3685 Cf.
1832 3623 1977 3684 400.
2029 3620 2098 3685 O.
2133 3621 2203 3684 R.
2253 3624 2400 3684 825.
2458 3621 2819 3703 ἐμβατεύειν

366 3713 684 3793 πατρίδος.
750 3712 938 3775 Hom.
989 3713 1103 3776 Od.
1155 3716 1212 3793 5,
1263 3716 1408 3775 399.
1484 3719 1635 3794 νῆχε
1702 3711 1759 3774 δ’
1825 3712 2229 3793 ἐπειγόμενος
2300 3711 2486 3774 ποσὶν
2555 3710 2819 3792 ἠπείρου

368 3803 673 3884 ἐπιβῆναι.
732 3801 879 3864 Eur.
930 3801 1030 3864 Or.
1082 3803 1226 3865 618.
1287 3805 1322 3882 ἢ
1371 3801 1460 3883 μὴ
1514 3803 1776 3883 ’πίβαινε
1839 3800 2298 3881 Σπαρτιάτιδος
2356 3800 2612 3882 χθονός.
2679 3798 2820 3861 Hel.

370 3892 515 3953 929.
564 3893 643 3973 ἢν
691 3889 748 3953 δ’
786 3890 1036 3953 Ἑλλάδ’
1084 3891 1259 3954 ἔλθω
1306 3892 1564 3973 κάπιβῶ
1602 3890 1906 3972 Σπάρτης
1951 3890 2151 3952 πάλιν.
2204 3889 2494 3953 Menand.
2528 3888 2638 3953 IV.
2677 3889 2819 3950 175.

366 3980 542 4042 πλεῖν
574 4018 655 4025 —-
690 3980 797 4043 καὶ
840 3981 996 4062 μηδ’
1044 3981 1377 4062 ἐπιβαίνειν
1426 3988 1554 4062 γῆς.
1614 3980 1794 4043 Dein.
1845 4000 1900 4062 p.
1952 3980 2095 4041 368.
2146 3981 2202 4043 εἰ
2241 3980 2440 4062 μήπω
2486 3985 2594 4060 τῆς
2633 3977 2817 4040 'Atu-

367 4076 488 4152 κῆς
551 4070 867 4151 ἐπιβαίνει.
935 4068 1231 4131 Dinarch.
1280 4068 1326 4132 Ι.
1378 4072 1477 4132 45.
1545 4072 1619 4132 ὃν
1676 4070 1797 4132 οὐκ
1855 4070 2043 4132 ἐῶσιν
2099 4070 2160 4131 οῖ
2223 4068 2406 4149 νόμοι
2471 4074 2579 4149 τῆς
2625 4067 2818 4149 Ἀθη-

367 4159 564 4221 ναίων
610 4160 829 4240 χώρας
876 4159 1225 4240 ἐπιβαίνειν.
1274 4158 1505 4222 Herod.
1554 4157 1664 4221 IV.
1721 4160 1861 4220 125.
1920 4158 2322 4239 ἀπηγόρευον
2368 4156 2664 4238 Σκύθῃσι
2727 4156 2819 4238 μὴ

368 4249 705 4329 ἐπιβαίνειν
757 4252 887 4310 τῶν
952 4249 1275 4329 σφετέρων
1340 4249 1573 4328 οὔρων.
1642 4246 1897 4310 Lucian.
1966 4247 2043 4309 do
2091 4246 2245 4328 dips.
2297 4249 2351 4308 7.
2417 4247 2651 4327 ἐπέβην
2714 4253 2822 4327 τῆς

368 4336 631 4418 Λιβύης.
681 4338 760 4401 de
808 4335 867 4399 S.
915 4336 988 4399 D.
1026 4337 1125 4398 56.
1175 4338 1359 4418 εὐνῆς
1407 4338 1711 4419 ἐπιβῆναι.
1761 4337 1925 4400 Plut.
1967 4335 2103 4399 Per.
2140 4336 2239 4398 30.
2287 4337 2358 4404 ὃς
2406 4334 2463 4397 δ’
2511 4337 2590 4396 ἂν
2636 4336 2821 4416 ἐπιβῇ

366 4432 477 4508 τῆς
514 4427 791 4508 Ἀττικῆς
836 4427 960 4489 κτλ.
1012 4425 1172 4490 Plut.
1224 4425 1371 4508 LyC.
1422 4428 1477 4488 9.
1527 4426 1667 4489 οὐδ’
1715 4427 2002 4508 ἐπέβαινε
2048 4432 2156 4507 τῆς
2203 4424 2604 4506 Λακωνικῆς.
2657 4424 2820 4486 Plut.

369 4515 523 4578 Mar.
558 4517 660 4578 40.
710 4516 1089 4598 ἀπαγορεύει
1136 4539 1232 4579 σοι
1270 4554 1345 4561 —
1386 4515 1631 4598 Λιβύης
1693 4515 1784 4598 μὴ
1835 4515 2185 4597 ἐπιβαίνειν.
2252 4513 2455 4577 Schol.
2505 4515 2584 4578 ad
2636 4514 2821 4577 Arist.
