3463 5287
1297 443 1550 493 omums
1595 442 1898 490 commus
2693 424 2820 489 189

363 603 646 688 Κροῖσον
691 603 906 685 (ἰδόντι
939 640 1021 649 -
1054 610 1148 686 τῷ·
1194 602 1459 687 Κροίσῳ
1471 603 1526 682 Ρ)
1574 603 1775 684 γέλως
1821 603 2066 686 ἐσῆλθε.
2111 603 2304 667 Thue.
2351 600 2460 665 VI.
2511 603 2612 666 31.
2657 603 2820 686 μᾶλ-

362 694 475 757 λον
541 693 773 763 αὐτοὺς
835 693 1153 775 (αὐτοῒςῗ)
1217 693 1384 776 ἐσῄει
1447 692 1521 755 τὰ
1580 693 1767 756 δεινά.
1825 693 2068 757 Andoc.
2115 692 2196 756 ΙΙ.
2250 693 2348 756 10.
2395 692 2649 775 εἰσῆλθέ
2690 716 2821 776 μοι.

363 783 525 848 Plat.
572 782 758 867 Resp.
808 783 935 846 330
969 781 1046 845 D.
1112 783 1445 865 εἰσέρχεται
1511 782 1688 865 αὐτῷ
1735 782 1880 852 ὂέος
1924 781 2033 845 καὶ
2077 781 2333 864 φροντὶς
2377 782 2521 864 περὶ
2565 778 2662 846 ὧν
2707 783 2818 864 ἔμ-

361 871 651 954 προσθεν
696 871 817 936 οὐκ
863 872 1069 953 εἰσῄει.
1119 870 1349 936 Phaed.
1397 891 1454 955 p.
1510 872 1650 934 133.
1699 871 1889 935 οὗὸὲν
1931 872 2101 935 πάνυ
2145 894 2258 954 μοι
2304 869 2569 935 ἐλεεινὸν
2613 872 2819 954 εἰσῄει.

543 962 688 1024 374.
736 958 1005 1043 νεάζων]
1055 959 1145 1024 Cf.
1176 960 1272 1023 Τι’.
1311 961 1454 1023 144.
1500 960 1572 1024 τὸ
1621 959 1744 1043 γὰρ
1776 961 2001 1034 νεάζον
2035 996 2144 1022 -.
2192 958 2341 1023 Eur.
2369 959 2606 1024 Phoen.
2632 961 2818 1023 1613.

363 1050 495 1114 ἀλλ’
542 1051 625 1113 ἔτι
672 1050 919 1123 νεάζων
968 1049 1157 1119 αὐτὸς
1203 1048 1447 1131 εὕροιμ’
1494 1049 1573 1111 ἄν
1616 1050 1775 1132 βίον.
1955 1048 2206 1133 χρόνῳ]
2263 1049 2429 1113 Fert.
2476 1055 2651 1132 γονῇ.
2728 1048 2817 1113 Of.

369 1140 556 1203 1294.
622 1145 780 1221 γονῇ
842 1139 1153 1221 πεφυκὼς
1203 1175 1284 1183 -
1335 1138 1676 1221 γεραιτέρα.
1723 1137 2063 1223 Euripides
2131 1136 2448 1203 Eteoclem
2517 1139 2819 1220 majorem

364 1229 540 1311 facit,
587 1231 759 1311 quod
805 1234 981 1291 notat
1026 1228 1363 1292 scholiasta
1406 1228 1487 1291 ud
1533 1226 1770 1292 Phoen.
1823 1227 1924 1290 71.
2001 1227 2090 1291 cf.
2146 1229 2331 1291 1295.

543 1336 689 1399 377.
737 1334 831 1405 ὡς
879 1372 960 1381 —-
1007 1335 1046 1398 ὅ
1090 1334 1407 1417 πληθύων
1459 1333 1679 1418 λόγος]
1756 1334 1848 1398 Cf.
1898 1335 2041 1398 930.
2108 1335 2147 1398 ὁ
2191 1335 2509 1417 πληθύων
2570 1335 2817 1418 χρόνος.

366 1423 592 1489 Aeseh.
639 1426 760 1507 Ag.
809 1424 955 1487 869.
1025 1424 1119 1494 ὡς
1182 1424 1509 1507 ἐπλήθυον
1563 1423 1756 1505 λόγοι.
1805 1423 2020 1508 Suppl.
2070 1425 2215 1488 293.
2263 1425 2358 1494 ὡς
2400 1425 2666 1507 μάλιστα
2711 1424 2819 1489 καὶ

363 1513 554 1596 (ὁὴΡ)
600 1514 784 1596 φάτις
828 1513 1029 1597 πολλὴ
1062 1519 1290 1596 κρατεῖ.
1340 1512 1526 1597 Soph.
1553 1515 1651 1595 Aj.
1677 1514 1822 1576 978.
1869 1514 2090 1596 ὥσπερ
2122 1515 2161 1597 ἡ
2194 1514 2379 1596 φάτις
2408 1521 2634 1597 κρατεῖ.
2673 1516 2815 1577 775.

544 1604 690 1666 378.
736 1602 808 1666 τὸ
870 1603 1087 1667 κοῖλον
1135 1601 1396 1685 Ἄργος]
1463 1602 1570 1666 Sic
1633 1602 1813 1685 κοίλη
1861 1602 2295 1685 Λακεόαίμων
2349 1603 2419 1667 in
2463 1603 2652 1667 Hom.
2702 1602 2817 1666 od.

363 1693 426 1772 4,
477 1693 532 1756 l.
667 1692 1141 1774 προσλαμβάνει
1187 1691 1420 1775 κῆδος]
1487 1690 1577 1754 Cf.
1626 1691 1777 1755 Eur.
1825 1691 1989 1755 Med.
2039 1694 2186 1755 886.
2241 1692 2445 1775 κῆδος
2488 1692 2622 1756 τόδ’
2669 1693 2820 1775 ἡμῖν

362 1781 767 1863 προσλαβών.
835 1782 981 1844 698.
1030 1781 1289 1862 ἀνδρῶν
1333 1782 1662 1864 τυράννων
1707 1780 1910 1865 κῆδος
1965 1781 2223 1865 ἠράσθη
2270 1782 2499 1864 λαβεῖν.
2556 1781 2692 1865 Iph.
2742 1783 2817 1844 A.

365 1872 513 1933 630.
578 1870 813 1954 ἀνὸρὸς
870 1869 990 1953 γὰρ
1046 1871 1301 1953 ἀγαθοῦ
1367 1870 1571 1953 κῆδος
1618 1907 1702 1917 —-
1749 1870 1952 1954 λήψει.
2021 1870 2216 1934 Andr.
2266 1871 2414 1933 648.
2459 1870 2661 1953 κῆδος
2707 1872 2816 1944 ξυ-

362 1960 592 2042 νάψας.

545 2067 693 2130 381.
740 2065 1065 2151 καθέξων]
1131 2065 1219 2130 Cf.
1266 2068 1414 2130 Ant.
1464 2067 1610 2130 604.
1673 2066 1762 2137 τίς
1807 2066 1942 2141 σὰν,
2007 2066 2163 2140 Ζεῦ,
2231 2066 2517 2139 ὀύναιιιν,
2571 2066 2660 2137 τίς
2707 2067 2817 2130 ἀν-

367 2157 544 2238 δρῶν
587 2156 939 2239 ὑπερβασία
986 2157 1353 2239 (ὑπέρβασις
1397 2157 1543 2236 ἂνΡ)
1587 2155 1924 2238 κατάσχοι,·
2058 2155 2286 2239 βιβῶν]
2336 2155 2426 2219 Cf.
2475 2157 2665 2219 Ariet-
2698 2158 2818 2218 Av.

364 2248 512 2308 425.
557 2245 895 2328 προσβιβᾷ.
972 2245 1144 2309 Infra
1190 2246 1338 2308 406.
1384 2244 1788 2309 namomc‘bo’.

546 2336 691 2397 382.
739 2333 1020 2417 ἀριθμὸς
1064 2371 1152 2381 -
1197 2334 1431 2419 λόγων]
1489 2334 1536 2398 Ι.
1585 2355 1635 2400 e.
1684 2353 1859 2399 mera
1904 2333 2369 2419 verba,·verba
2415 2335 2648 2399 inania.
2727 2333 2817 2398 cf.

364 2424 516 2488 Eur.
548 2423 702 2488 Her.
737 2425 882 2487 997.
929 2424 1050 2487 οὐκ
1098 2424 1398 2506 ἀριθμὸν,
1445 2424 1601 2488 ἀλλὰ
1649 2461 1764 2488 -.
1822 2426 2012 2488 Arist.
2060 2424 2226 2487 Nub.
2279 2425 2465 2488 1203.
2522 2423 2818 2507 ἀριθμὸς,

364 2512 631 2596 πρόβατ’
677 2513 912 2585 ἄλλως,
968 2519 1085 2576 etc.
1142 2512 1359 2577 Horat.
1408 2512 1602 2598 Epist.
1652 2513 1698 2576 I.
1748 2516 1804 2577 2.
1856 2516 1956 2577 27.
2014 2513 2174 2578 ‘Nos
2228 2533 2534 2578 numerus
2580 2532 2821 2595 sumne,

366 2611 431 2666 et
473 2603 690 2687 frugoe
736 2620 1110 2668 consumere
1152 2603 1324 2667 nati?

545 2711 693 2774 383.
740 2709 920 2794 ὅποι]
969 2710 1058 2775 Cf.
1105 2708 1202 2772 El.
1251 2712 1397 2775 958.
1444 2717 1562 2776 ποῒ
1600 2710 1720 2794 γὰρ
1766 2717 1972 2794 μενεῖς
2017 2711 2350 2794 ῥᾴθυμος;

546 2802 691 2863 385.
737 2800 862 2883 ἤδη
912 2799 1034 2881 γὰρ
1065 2800 1242 2883 ἔσχες
1273 2798 1392 2883 -]
1443 2800 1652 2866 Have
1696 2821 1846 2883 you
1893 2803 2067 2866 then
2116 2820 2295 2866 ever
2340 2799 2818 2864 entertained

368 2890 494 2953 the
541 2890 728 2973 hope
774 2896 890 2952 ew.
968 2889 1059 2952 Cf.
1105 2887 1201 2951 ΕΙ.
1251 2892 1398 2953 952.
1456 2888 1625 2973 εἶχον
1679 2890 1936 2961 ἐλπίδας
1982 2927 2064 2935 ·-
2114 2889 2307 2953 αὐτὸν
2351 2890 2611 2961 ἵξεσθαι.
2669 2889 2818 2952 Eur.

369 2977 472 3041 Or.
522 2978 623 3040 56.
671 2978 889 3042 ἐλπίδα
938 2978 1008 3041 δὲ
1057 2978 1136 3061 δή
1183 2978 1293 3041 τιν’
1340 2980 1571 3062 ἔχομεν
1615 2979 1780 3043 ὥστε
1824 2980 1915 3063 μὴ
1962 2980 2196 3044 θανεῖν.

546 3068 693 3130 386.
740 3068 900 3150 ἐμοῦ
948 3105 1032 3116 -
1080 3069 1262 3150 ὤραν
1325 3068 1437 3131 τιν’
1501 3067 1682 3152 ἕξειν]
1752 3066 1839 3130 Of.
1894 3068 1990 3132 Tr.
2041 3071 2141 3132 57.
2207 3070 2265 3132 εἰ
2320 3067 2560 3150 πατρὸς
2599 3067 2608 3150 Ι
2648 3069 2820 3149 νέμει

365 3156 474 3219 τιν’
521 3157 702 3239 ὤραν
731 3162 844 3220 τοῦ
876 3157 1092 3228 καλῶς
1121 3158 1441 3240 πράσσειν.
1490 3157 1645 3221 Plat.
1677 3177 1836 3221 com.
1875 3157 1956 3221 II.
1991 3159 2136 3220 615.
2183 3158 2326 3238 περὶ
2354 3163 2483 3220 τῶν
2516 3156 2585 3221 δὲ
2630 3157 2818 3220 πλευ-

366 3251 505 3328 ρῶν
550 3246 855 3328 οὐδεμίαν
885 3248 1066 3329 ὥραν
1111 3248 1303 3330 ἔχεις,·
1350 3245 1446 3310 De
1491 3247 1652 3309 ὥστε
1697 3247 1773 3310 cf.
1825 3246 2014 3310 1350.
2061 3247 2156 3310 Tr.
2210 3248 2397 3309 1152.
2448 3246 2558 3309 Ph.
2608 3247 2754 3309 656.

546 3337 692 3399 388.
737 3337 969 3400 ποίοισι
1023 3336 1327 3420 τούτοις;]
1393 3334 1483 3398 Cf.
1542 3338 1690 3399 Ant.
1744 3337 1931 3399 1049.
1997 3336 2094 3418 Aj.
2143 3337 2247 3399 46.
2315 3335 2425 3398 Ph.
2473 3336 2620 3397 441.
2671 3335 2815 3397 572.

546 3534 693 3596 391.
740 3531 810 3596 εὖ
856 3530 1172 3615 πράξειεν]
1239 3531 1328 3597 Cf.
1386 3531 1456 3596 O.
1488 3532 1561 3596 R.
1614 3532 1801 3595 1005.
1868 3533 2048 3602 ὅπως
2094 3531 2106 3616 1
2157 3537 2274 3596 σοῦ
2338 3531 2503 3613 πρὸς
2576 3531 2820 3614 δόμους

366 3622 665 3692 ἐλθόντος
710 3620 781 3685 εὗ
825 3623 1139 3705 πράξαιμί
1178 3647 1248 3685 τι.

547 3714 693 3774 392.
740 3712 808 3774 ἐν
855 3712 954 3775 σοὶ
986 3710 1103 3795 -]
1153 3710 1241 3774 Cf.
1290 3713 1437 3775 247.
1488 3712 1584 3794 Aj.
1634 3713 1781 3774 519.
1830 3711 1977 3774 Eur.
2019 3711 2153 3793 Iph.
2185 3711 2249 3774 Τ.
2289 3712 2475 3775 1057.
2521 3710 2627 3774 καὶ
2672 3709 2817 3792 τᾶμ’

367 3801 435 3863 ἓν
495 3801 647 3884 ὑμῖν
709 3801 868 3863 ἐστιν
922 3803 962 3883 ἢ
1009 3800 1225 3871 καλῶς
1278 3803 1441 3885 ἔχειν
1481 3801 1491 3884 Ι
1532 3804 1571 3884 ἢ
1616 3801 1823 3885 μηδὲν
1877 3799 2046 3863 εἶναι.
2107 3801 2296 3864 Arist.
2345 3802 2463 3863 Av.
2517 3801 2703 3863 1677.
2751 3801 2820 3862 ἐν

365 3897 458 3972 τῷ
507 3889 836 3973 Τριβαλλῷ
877 3895 1008 3952 πᾶν
1050 3889 1122 3953 τὸ
1167 3895 1451 3973 πρᾶγμα.

547 3999 695 4060 393.
740 3996 1087 4080 τηνικαῦτ’]
1137 3996 1230 4061 Cf.
1279 3996 1349 4061 Ο.
1382 3996 1455 4060 R.
1492 3998 1592 4059 76.
1639 3995 1753 4059 Ph.
1784 3996 1932 4058 465.
1969 3997 2114 4059 505.
2163 3998 2311 4060 Ant.
2348 3999 2492 4061 779.
2539 3994 2634 4059 El.
2669 3996 2819 4060 294.

366 4084 601 4150 Herod.
647 4084 728 4149 II.
778 4088 884 4149 51.
950 4086 1073 4169 ἤόη
1139 4092 1473 4169 τηνικαῦτα
1529 4087 1594 4157 ἐς
1632 4085 1943 4168 “Ἐλληνας
1996 4086 2286 4150 τελέουσι.
2422 4084 2615 4169 ἀνήρ]
2669 4085 2817 4148 Vir.

368 4175 460 4239 cf.
507 4178 606 4258 Aj.
657 4175 759 4239 77.
799 4177 983 4238 1238.
1029 4175 1179 4239 Eur.
1221 4178 1356 4239 Alc.
1391 4176 1536 4238 957.
1582 4173 1718 4256 κᾷτ’
1766 4176 1930 4258 ἀνὴρ
1976 4174 2129 4238 εἶναι
2177 4176 2383 4251 ὄοκεῒ,·
2429 4173 2577 4238 Her.
2629 4174 2818 4238 1000.

368 4265 558 4329 Arist.
594 4264 708 4347 Eq.
745 4265 888 4328 178.
937 4265 1123 4347 γίγνει
1180 4264 1302 4348 γὰρ
1349 4266 1552 4334 ὅντως
1585 4302 1664 4311 -
1700 4264 1862 4347 ἀνὴρ
1907 4266 2213 4347 μέγιστος.
2264 4266 2409 4327 333.
2444 4266 2588 4326 392.
2629 4265 2815 4326 1255.

368 4352 535 4417 Nub.
586 4356 732 4418 533.
780 4355 938 4418 Ach.
994 4356 1090 4417 77.

549 4444 693 4506 395.
743 4441 830 4506 Cf.
880 4443 1028 4507 Eur.
1078 4443 1171 4508 ΕΙ.
1222 4446 1366 4507 755.
1431 4444 1714 4526 ἥξουσιν·
1781 4443 1860 4506 οὔ
1915 4467 2008 4506 τοι
2060 4442 2318 4524 βασιλέα
2374 4441 2624 4524 φαῦλον
2667 4465 2817 4506 κτα-

368 4538 509 4596 νεῖν.
555 4533 691 4597 Τιό.
739 4534 887 4596 465.
945 4540 1168 4615 γραῖαν
1220 4538 1542 4597 πεσοῦσαν
1595 4531 1783 4616 αἴρετ’
1833 4534 1918 4602 εἷς
1973 4532 2178 4614 ὀρθὸν
2221 4532 2424 4595 πάλιν.
2560 4533 2633 4603 ὃς
2677 4532 2820 4600 νέος
