3463 5287
1382 442 1634 489 ommes
1677 442 1804 488 m
2692 425 2822 489 279

551 601 692 665 100.
740 601 1315 686 ἀνδρηλατοῦντας]
1364 599 1452 665 Cf.
1505 601 1726 667 Aesch.
1773 603 1893 686 Ag.
1946 603 2134 667 1586.
2269 603 2458 687 φόνῳ
2503 603 2709 686 φόνον
2742 641 2825 652 —-

368 690 665 775 λύοντας]
716 690 806 755 Cf.
853 690 1015 755 Phil.
1065 692 1210 755 959.
1259 691 1465 774 φόνον
1509 691 1718 774 φόνου
1778 691 1848 755 δὲ
1894 692 2115 775 ῥύσιον
2159 694 2326 757 τίσω.
2379 694 2568 756 1224.
2615 694 2828 758 λύσων

368 780 467 845 δσ’
536 782 890 863 ἐξήμαρτον
945 780 1013 844 ἐν
1075 788 1169 862 τῷ
1221 781 1369 862 πρὶν
1413 781 1649 864 χρόνῳ.
1719 782 1943 846 Aesch.
2002 784 2118 867 Ag.
2173 784 2358 846 1430.
2423 782 2508 845 ἔτι
2570 805 2641 847 σε
2701 783 2825 867 χρὴ

367 872 750 953 στερομέναν
820 870 1027 953 φίλων
1075 873 1085 952 Ι
1137 872 1352 953 τύμμα
1426 870 1697 953 τύμματι
1771 877 1944 935 τῖσαι.
2011 870 2162 937 Cho.
2211 872 2360 935 803.
2432 876 2562 935 τῶν
2633 872 2826 936 πάλαι

365 960 835 1042 πεπραγμένων
898 959 1163 1023 λύσασθ’
1228 958 1384 1041 αἷμα
1448 960 1842 1042 προσφάτοις
1899 960 2115 1031 δίκαις.
2169 962 2271 1024 48.
2333 959 2432 1023 73.
2482 961 2628 1025 309.
2675 957 2866 1026 400.’

367 1048 517 1112 Eur.
552 1048 655 1113 Or.
692 1049 837 1113 503.
886 1049 1073 1132 φόνῳ
1119 1048 1323 1132 φόνον
1367 1049 1551 1113 λύσει.
1602 1050 1750 1114 807.
1797 1049 1985 1133 φόνῳ
2014 1050 2219 1133 φόνος
2257 1050 2629 1134 ἔξαμείβων.
2680 1052 2825 1115 597.

363 1139 609 1221 μίασμα
676 1138 873 1201 λῦσαι.
937 1138 1072 1223 Iph.
1128 1138 1192 1202 T.
1254 1140 1441 1201 1224.
1509 1138 1603 1210 ῶς
1666 1139 1856 1222 φόνῳ
1926 1139 2132 1222 φόνον
2201 1138 2497 1223 μυσαρὸν
2560 1140 2825 1223 ἐκνίψω.

365 1228 555 1292 Here.
590 1229 691 1292 40.
741 1228 835 1299 ῶς
865 1227 1053 1310 φόνῳ
1099 1228 1291 1311 σβέσῃ
1340 1227 1561 1310 φόνον.
1626 1225 1781 1291 Eur.
1828 1226 1923 1291 El.
1973 1228 2119 1292 852.
2185 1228 2343 1311 αἷμα
2394 1229 2451 1293 δ’
2497 1230 2763 1311 αζιιατος
2813 1225 2820 1316 Ι

364 1316 592 1399 πικρὸς
641 1316 975 1400 δανεισμὸς
1020 1316 1180 1402 ἦλθε
1224 1325 1316 1399 τῷ
1361 1316 1619 1395 θανόντι
1651 1323 1784 1381 νῦν.
1837 1318 2024 1381 1094.
2073 1318 2131 1382 εἰ
2173 1317 2230 1382 δ’
2279 1318 2608 1400 ἀμείψεται
2648 1318 2657 1396 Ι
2699 1319 2821 1401 φό-

365 1430 478 1470 νον
545 1406 825 1480 δικάζων
888 1406 1116 1489 φόνος,
1182 1407 1516 1470 ἀποκτενῶ
1589 1405 1646 1470 σ’
1712 1407 1859 1489 ἐγώ.
1936 1406 2041 1471 Or.
2089 1408 2236 1470 597.
2309 1408 2561 1491 μίασμα
2625 1407 2825 1472 λῦσαι.

366 1496 557 1559 Arist.
609 1494 762 1560 Rau.
812 1496 956 1559 691.
1003 1496 1185 1560 λῦσαι
1228 1494 1338 1567 τὰς
1381 1495 1694 1578 πρότερον
1740 1496 2064 1579 ἁμαρτίας.

550 1602 692 1665 101.
739 1602 835 1673 ῶς
876 1600 1010 1667 τόδ’
1057 1602 1212 1686 αἷμα
1259 1605 1563 1686 χειμάζον
1608 1602 1814 1687 πόλιν]
1865 1600 1955 1666 Of.
2002 1603 2082 1667 ad
2113 1603 2211 1667 El.
2234 1604 2380 1667 881.
2412 1602 2564 1667 Eur.
2586 1602 2822 1669 Phoen.

371 1692 558 1755 1475.
623 1693 803 1775 ἡμεῖς
853 1691 974 1774 μὲν
1028 1692 1373 1775 (ἀνῇξαμεν
1427 1693 1514 1763 εἷς
1568 1693 1699 1775 ἔριν
1744 1692 1978 1774 λόγων)
2033 1694 2127 1764 ὡς
2185 1697 2456 1758 νικῶντα
2516 1693 2825 1777 δεσπότην

366 1779 523 1863 ἐμὸν
587 1781 998 1864 (contending
1055 1781 1190 1845 that
1234 1786 1403 1864 etc),
1447 1781 1457 1863 Ι
1507 1783 1570 1846 οῖ
1624 1782 1681 1845 δ’
1728 1782 1823 1853 ὡς
1868 1781 2120 1847 ἐκεῖνον.
2190 1781 2342 1848 Her.
2393 1782 2540 1846 693.
2593 1783 2687 1854 ὥς
2730 1783 2822 1867 μὴ

363 1876 671 1953 μενοῦντα
736 1871 925 1934 τᾶλλα
990 1894 1088 1934 σοι
1151 1871 1349 1953 λέγειν
1411 1871 1603 1953 πάρα.
1680 1871 2109 1935 Accusativus
2163 1873 2423 1957 ponitur
2476 1872 2630 1955 quia
2696 1873 2826 1957 opi·

363 1960 620 2023 nionem
673 1958 750 2024 de
794 1979 864 2023 re
911 1960 989 2024 de
1038 1979 1162 2042 qua
1206 1961 1416 2044 agitur
1461 1961 1789 2043 exprimit,
1837 1961 2159 2044 genitivus
2204 1967 2417 2025 autem
2457 1965 2555 2026 est
2584 1983 2641 2025 v.
2676 1963 2822 2025 242.

365 2048 458 2120 ὡς
518 2049 874 2132 μιάσματος
912 2049 921 2131 Ι
962 2048 1136 2113 τοῦδ’
1200 2049 1350 2133 ἡμῖν
1414 2050 1622 2123 ὄντος,
1688 2050 1841 2133 quia
1902 2049 1993 2113 ibi
2052 2055 2300 2114 tantum
2356 2069 2457 2114 res
2511 2054 2823 2115 narratur.

452 2137 642 2222 αἷμα]
694 2138 1030 2203 Caedem.
1109 2138 1198 2203 Cf.
1248 2136 1317 2201 Ο.
1352 2138 1416 2203 C.
1467 2140 1613 2202 407.
1660 2138 1950 2221 ἔμφυλον
1994 2138 2168 2221 αἷμα.
2216 2137 2366 2203 Eur.
2414 2139 2627 2224 Suppl.
2680 2141 2824 2204 148.

365 2227 520 2310 αἷμα
568 2227 862 2310 συγγενὲς
907 2228 1182 2310 φεύγων.
1237 2227 1585 2292 Herodian.
1632 2227 1713 2291 II.
1766 2229 1821 2291 6.
1879 2228 2011 2292 ἐπεὶ
2055 2228 2163 2292 τόν
2216 2252 2281 2292 τε
2327 2229 2537 2312 δῆμον
2581 2229 2822 2312 ἡσυχά-

368 2318 553 2391 ζοντα
618 2318 924 2400 ἔγνωσαν,
988 2320 1147 2400 μήτε
1191 2316 1323 2381 τινὰ
1387 2318 1715 2399 τολμῶντα
1764 2317 2120 2391 ἐπεξελθεῖν
2182 2326 2275 2402 τῷ
2337 2324 2450 2381 τοῦ
2512 2317 2826 2400 βασιλέως

364 2408 590 2488 αἵματι.
726 2406 1051 2491 χειμάζον]
1102 2405 1188 2470 Cf.
1223 2406 1292 2471 Ο.
1318 2405 1382 2470 C.
1419 2408 1606 2470 1504.
1645 2407 1808 2471 θεοῦ
1849 2405 1859 2491 Ι
1898 2413 2149 2471 τοιαῦτα
2197 2407 2623 2490 χειμάζοντος.
2671 2406 2824 2471 Eur.

366 2495 578 2580 Suppl.
630 2496 775 2559 280.
831 2496 1010 2566 πόλις
1068 2495 1137 2560 δὲ
1182 2495 1347 2578 πρὸς
1400 2496 1582 2560 πόλιν
1621 2495 1631 2577 Ι
1672 2498 1899 2579 ἔπτηξε
1944 2497 2375 2579 χειμασθεῖσα.
2425 2498 2618 2561 Arist.
2666 2497 2823 2561 Rau.

367 2585 510 2649 361.
557 2591 668 2669 τῆς
713 2585 963 2657 πόλεως
1008 2587 1489 2669 χειμαζομένης.

553 2695 694 2758 105.
741 2693 933 2767 ἔξοιδ’
981 2693 1267 2778 ἀκούων]
1318 2692 1410 2757 Of.
1460 2692 1529 2757 Ο.
1564 2691 1630 2757 C.
1682 2695 1871 2758 1171.
1919 2693 2108 2758 Hom.
2156 2694 2227 2758 ΙΙ.
2267 2697 2328 2777 4,
2361 2694 2507 2758 374.
2557 2694 2650 2765 ὡς
2696 2696 2822 2777 φά-

363 2806 481 2846 σαν
537 2785 609 2847 οἴ
649 2806 759 2864 μιν
814 2782 1024 2846 ἴδοντο
1077 2783 1497 2865 πονεύμενον·
1562 2784 1640 2847 οὐ
1697 2781 1820 2865 γὰρ
1874 2783 2127 2866 ἔγωγεΙ
2178 2781 2392 2867 ἤντησ’
2447 2783 2603 2847 οὐδὲ
2658 2783 2824 2847 ἴδον·

362 2872 505 2954 περὶ
553 2872 610 2937 δ’
657 2872 868 2936 ἄλλων
913 2871 1069 2955 φασὶ
1115 2873 1423 2954 γενέσθαι.

546 2980 688 3042 106.
736 2979 1063 3043 ἐπιστέλλει
1109 2979 1370 3064 σαφῶς]
1421 2979 1510 3043 Cf.
1562 2980 1663 3042 96.
1711 2980 1961 3061 ἄνωγεν
2006 2980 2334 3062 ἐμφανῶς.

546 3069 687 3132 107.
734 3068 881 3139 τοὺς
911 3068 1278 3152 αὐτοέντας]
1324 3068 1578 3152 Ipsum
1619 3069 2220 3133 interfectorem.
2267 3068 2313 3132 Ι.
2337 3089 2392 3152 q.
2414 3069 2562 3140 τοὺς
2585 3069 2819 3133 αὐθέν-

362 3182 498 3229 τας,
562 3157 710 3228 τοὺς
772 3158 1155 3241 αὐτόχειρας.
1235 3158 1323 3222 Cf.
1374 3158 1519 3220 266.
1598 3159 1807 3239 ζητῶν
1870 3157 1979 3221 τὸν
2042 3157 2376 3241 αὐτόχειρα
2445 3164 2557 3222 τοῦ
2615 3158 2824 3241 φόνου

362 3247 588 3329 λαβεῖν.
638 3245 729 3309 ΕΙ.
766 3248 910 3310 955.
958 3247 1067 3310 τὸν
1112 3248 1444 3330 αὐτόχειρα
1483 3247 1790 3329 πατρῴου
1823 3246 2032 3328 φόνου
2068 3284 2151 3293 -
2180 3253 2441 3310 κτανεῖν.
2491 3248 2638 3310 Ant.
2678 3248 2822 3310 306.

363 3335 511 3399 Eur.
561 3336 758 3400 Andr.
813 3338 953 3399 172.
1005 3338 1150 3400 615.
1196 3336 1332 3400 Tro.
1384 3338 1529 3400 655.
1577 3336 1764 3401 Rhes.
1800 3337 1947 3399 873.
1994 3336 2230 3400 Herod.
2278 3335 2327 3400 I.
2379 3336 2523 3399 117.
2600 3335 2824 3400 Soluta

364 3426 644 3489 nominis
673 3427 899 3508 forma,
931 3432 1004 3489 ut
1033 3426 1361 3508 τιμάορος,
1394 3426 1738 3506 συνάορος,
1769 3425 2131 3508 τετράορος,
2163 3425 2538 3508 φαεσφόρος
2569 3425 2821 3505 (Aesch.

366 3517 481 3598 Ag.
531 3516 728 3598 472),
793 3521 905 3579 etc.
954 3515 1192 3596 Phryn.
1243 3514 1436 3580 Bekk.
1487 3535 1543 3598 p.
1599 3516 1706 3598 15,
1762 3516 1858 3577 ll.
1914 3513 2264 3597 Σοφοκλῆς
2321 3513 2390 3579 δὲ
2434 3514 2632 3586 λύσας
2676 3512 2820 3578 τοῦ-

362 3627 529 3686 νομα
586 3605 921 3687 αὐτοέντης
966 3602 1151 3668 εἶπεν.
1206 3605 1329 3667 ἔστι
1387 3604 1456 3668 δὲ
1501 3604 1987 3685 πολιτικώτερον
2042 3604 2114 3668 τὸ
2160 3604 2487 3686 αὐθέντης.
2624 3627 2819 3686 τιμω-

363 3700 492 3774 ρεῖν
537 3692 702 3777 τινάΙ
752 3692 847 3756 Gl.
883 3694 953 3757 B.
985 3700 1308 3775 τιμωρεῖνε
1358 3694 1664 3768 κολάζειν.
1724 3692 1812 3757 Cf.
1854 3694 2039 3756 1287.
2085 3694 2211 3775 βοᾷ
2265 3693 2517 3774 διοίγειν
2547 3693 2822 3777 κλῇθρα,

361 3783 468 3846 καὶ
516 3783 751 3866 δηλοῦν
796 3806 927 3846 τινα
969 3786 977 3863 Ι
1019 3788 1146 3853 τοῖς
1190 3788 1342 3846 πᾶσι
1391 3781 1761 3865 Καδμείοισι
1807 3782 1916 3846 τὸν
1960 3782 2410 3863 πατροκτόνον.

546 3890 688 3953 108.
736 3891 798 3954 οἱ
844 3890 899 3953 δ’
948 3889 1062 3953 εἶσὶ
1105 3895 1234 3953 ποῦ
1283 3889 1464 3974 γῆς,·]
1513 3890 1602 3954 Cf.
1657 3891 1800 3954 Ant.
1849 3892 1951 3952 42.
1998 3895 2127 3954 ποῦ
2176 3890 2437 3972 γνώμης
2483 3887 2624 3953 ποτ’
2671 3887 2758 3967 eL·

546 3981 686 4042 111.
736 3977 1004 4062 ἁλωτὸν]
1055 3979 1149 4042 Gl.
1199 3980 1269 4043 B.
1316 3979 1729 4062 καταληπτόν.
1809 3978 1901 4043 Cf.
1952 3981 2095 4042 542.
2145 3980 2182 4041 ὃ
2228 3979 2459 4062 πλήθει
2505 3978 2823 4062 χρήμασίν

361 4067 430 4131 θ’
479 4068 803 4133 ἁλίσκεται.
863 4069 975 4132 Ph.
1010 4069 1156 4131 863.
1202 4067 1274 4131 τὸ
1323 4068 1382 4133 δ’
1429 4069 1754 4151 ἁλώσιμον
1801 4070 1926 4151 ἐμᾷ
1971 4068 2258 4151 φροντίδι
2304 4068 2429 4132 κτλ.
2488 4067 2635 4131 Eur.
2684 4067 2823 4132 Ale.

364 4159 508 4221 802.
558 4156 700 4222 οὐδ’
748 4158 1056 4222 ἁλίσκεται
1102 4159 1285 4241 τέχνῃ
1335 4157 1426 4239 (τὸ
1473 4165 1581 4241 τῆς
1628 4159 1859 4242 τύχης).

545 4265 688 4328 113.
734 4266 899 4347 τῷδε
945 4267 1279 4347 συμπίπτει
1325 4265 1545 4350 φόνω]
1596 4265 1686 4330 Cf.
1739 4267 1835 4348 Aj.
1881 4266 2027 4329 429.
2075 4270 2301 4336 κακοῖς
2346 4265 2615 4329 τοιοῖσδε
2662 4288 2821 4347 συμ-

361 4354 755 4418 πεπτωκότα.
807 4354 902 4417 Tr.
937 4355 1083 4418 880.
1132 4354 1264 4418 εἰπὲ
1310 4362 1401 4437 τῷ
1429 4355 1622 4437 μόρῳ
1659 4392 1734 4401 -
1774 4356 2089 4438 ξυντρέχει
2121 4354 2545 4437 (ξυμπίτνειῗ).
2595 4355 2824 4420 Aesch.

362 4441 545 4507 Eum.
598 4445 742 4507 336.
790 4445 1049 4508 θνατῶν
1093 4450 1286 4508 τοῖσιν
1331 4445 1698 4526 αὐτουργίαι
1746 4446 2152 4527 ξυμπέσωσιν
2194 4443 2466 4526 μάταιοι.

555 4534 695 4597 114.
743 4534 836 4605 ὡς
882 4533 1182 4618 ἔφασκεν]
1233 4533 1327 4598 Se.
1376 4534 1414 4598 ὁ
1460 4534 1614 4605 θεός
1661 4536 1809 4616 (96).
