3463 5287
1468 444 1765 488 Ammona
2760 424 2794 485 7
2805 423 2842 485 3

392 605 717 686 ἀρκοῦμεν
762 605 942 686 ἡμεῖς
988 605 1049 667 οἱ
1092 605 1608 686 προθνήσκοντες
1653 603 1859 667 σέθεν.
1912 602 2046 686 Iph.
2098 604 2172 665 A.
2225 603 2412 666 1300.
2459 602 2602 666 Hel.
2658 603 2843 665 1294.

392 694 547 758 Plat.
599 692 788 777 Gorg.
837 694 966 756 475
1000 692 1070 755 E.
1119 693 1260 775 ἐμοὶ
1307 692 1383 756 σὺ
1431 694 1716 775 ἐξαρκεῖς
1766 729 1846 738 -
1893 697 2256 776 μαρτυρῶν.

569 784 716 847 548.
763 788 880 846 σοῦ
927 780 1326 866 λελειμμένῃ]
1376 782 1467 847 Cf.
1519 781 1616 865 Aj.
1667 783 1813 846 543.
1860 782 2246 865 λελειμμένῳ
2290 781 2503 864 λόγου.
2549 780 2647 844 Tr.
2697 781 2843 844 937.

391 873 775 955 ὀδυρμάτων
806 870 1057 937 ἐλείπετ’
1089 872 1294 936 οὐδέν.
1344 872 1491 936 266.
1536 872 1742 954 λέγων
1773 871 1866 943 ὥς
1895 877 2024 936 τῶν
2054 869 2150 936 ὧν
2179 872 2421 936 τέκνων
2451 871 2719 934 λείποιτο
2743 907 2842 944 -—‚.

392 960 483 1025 El.
526 963 675 1025 474.
741 961 1005 1044 γνώμας
1068 961 1406 1045 λειπομένα
1454 967 1680 1045 σοφᾶς.
1746 960 1898 1026 Eur.
1946 960 2110 1025 Med.
2162 962 2262 1024 52.
2319 966 2463 1032 πῶς
2509 983 2626 1024 σου
2672 959 2841 1043 μόνη

391 1051 645 1136 Μήδεια
691 1051 1014 1116 λείπεσθαι
1060 1052 1261 1128 θέλει,·
1306 1052 1520 1136 Suppl.
1571 1054 1715 1115 744.
1763 1048 1859 1115 ὧν
1903 1051 2302 1133 λελειμμένος
2343 1051 2535 1121 τάλας
2574 1049 2584 1133 Ι
2624 1049 2843 1113 κλαίω.

392 1142 525 1207 Alc.
573 1141 724 1206 406.
770 1142 1061 1223 λείπομαι
1108 1142 1292 1225 φίλας
1338 1179 1421 1187 -
1468 1141 1724 1224 ματρός.
1774 1141 1869 1204 ΕΙ.
1924 1140 2110 1204 1310.
2159 1145 2277 1204 σοῦ
2323 1139 2708 1222 λειπόμενος.

568 1250 714 1312 551.
760 1250 820 1313 εἰ
876 1249 1042 1331 γελῶ
1106 1248 1165 1331 γ’
1213 1249 1280 1313 έν
1343 1247 1442 1313 σοὶ
1505 1247 1731 1333 γέλων]
1800 1245 1890 1311 Cf.
1957 1246 2131 1312 ΟΕ
2183 1248 2328 1311 571.
2395 1248 2453 1311 εἰ
2512 1246 2634 1329 γὰρ
2699 1245 2843 1311 οἶδά

391 1336 447 1419 γ’
495 1374 607 1399 -.
745 1338 960 1420 γέλωτ’
1018 1338 1085 1401 ἐν
1150 1339 1249 1403 σοὶ
1305 1338 1501 1423 γελῶ]
1578 1337 1667 1403 Cf.
1725 1337 1805 1400 ad
1862 1338 1958 1421 Aj.
2010 1338 2155 1400 382.
2222 1337 2447 1401 Aesoh.
2497 1334 2645 1400 Cho.
2695 1338 2842 1401 222.

389 1427 520 1490 ἀλλ’
569 1428 636 1491 ἐν
700 1434 950 1492 κακοῖσι
1013 1433 1140 1498 τοῖς
1194 1429 1371 1510 ἐμοῖς
1417 1428 1602 1510 γελᾶν
1646 1428 1868 1498 θέλεις.
1910 1428 1919 1509 Ι
1959 1425 2109 1490 ΗΛ.
2157 1427 2281 1490 κάν
2323 1432 2453 1497 τοῖς
2498 1426 2675 1508 ἐμοῖς
2719 1425 2842 1509 ἄρ’,

388 1519 560 1599 εἰπερ
606 1519 676 1581 ἔν
722 1540 791 1599 γε
827 1523 982 1581 τοῖσι
1027 1524 1177 1588 σοῖς.
1223 1517 1382 1582 Plat.
1427 1516 1592 1581 Prot.
1628 1517 1753 1581 357
1789 1516 1865 1580 D.
1912 1522 2044 1590 νῦν,
2091 1518 2170 1580 ἂν
2215 1517 2405 1599 ἡμῶν
2450 1515 2842 1598 καταγελᾶτε,

388 1606 493 1670 καὶ
539 1607 728 1688 ῦμῶν
773 1607 984 1671 αὐτῶν
1028 1606 1544 1689 καταγελάσεσθε.

569 1696 715 1760 552.
764 1694 855 1759 Of.
905 1697 1049 1759 779.
1098 1696 1210 1760 Ph.
1246 1697 1392 1760 950.
1439 1695 1593 1760 ἀλλὰ
1641 1701 1757 1760 νῦν
1802 1695 1884 1759 ἔτ’
1933 1697 2000 1760 ἐν
2047 1703 2264 1779 σαυτῷ
2309 1701 2513 1778 γενοῦ.
2562 1696 2660 1779 Aj.
2696 1695 2842 1758 537.

387 1785 445 1847 τί
505 1784 638 1868 δῆτ’
703 1786 784 1848 ἂν
847 1785 940 1856 ὡς
1003 1786 1075 1849 ἐκ
1137 1786 1328 1850 τῶνδ’
1392 1787 1472 1849 ἂν
1536 1785 1607 1867 (f.
1654 1785 1769 1867 ἔτ’)
1814 1785 2131 1870 ὠφελοῖμί
2172 1808 2273 1861 σε,·
2341 1786 2441 1850 78.
2489 1785 2680 1848 Arist.
2728 1788 2842 1846 Av.

394 1874 579 1938 1598.
626 1873 846 1937 Elmsl.
893 1875 972 1939 ad
1018 1874 1179 1939 Med.
1231 1875 1378 1939 882.

569 1964 714 2028 553.
762 1962 1172 2048 ὕπεκφυγεῖν]
1221 1962 1308 2028 Cf.
1359 1964 1505 2028 776.
1551 1964 1700 2029 Eur.
1747 1964 1912 2029 Med.
1963 1965 2108 2029 989.
2154 1965 2310 2028 ἄταν
2355 1964 2476 2047 οὐχ
2521 1963 2840 2047 ὕπεκφεύ-

386 2055 568 2127 ξεται.
615 2053 829 2138 Suppl.
879 2054 1023 2116 565.

568 2161 714 2224 554.
761 2160 1126 2242 κάμπλάκω
1173 2198 1258 2207 -—
1304 2161 1583 2247 μόρου,·]
1661 2161 1827 2224 And
1874 2161 2073 2225 shall
2117 2160 2150 2224 I
2213 2180 2484 2245 escape
2553 2160 2841 2243 (avoid)

388 2251 519 2332 thy
566 2249 762 2314 fate?
807 2249 1178 2315 Dindorfius
1210 2251 1368 2315 mire
1411 2253 1723 2315 construit
1770 2251 2090 2334 ἀμπλάκω
2137 2250 2245 2314 καὶ
2288 2257 2401 2315 τοῦ
2448 2257 2567 2315 σοῦ
2611 2250 2840 2332 μόρου.

475 2338 798 2422 ἀμπλάκω
844 2346 957 2403 τοῦ
1004 2346 1120 2404 σοῦ
1165 2339 1412 2425 μόρου]
1467 2341 1700 2405 Aoristi
1733 2340 2195 2424 subjunctivus„
2275 2338 2363 2403 Cf.
2390 2341 2533 2404 910.
2582 2341 2640 2403 εἰ
2663 2338 2839 2404 τοῦδ’

384 2429 743 2511 ἤμπλακον.
800 2428 951 2493 Eur.
1007 2430 1146 2494 Alo.
1193 2431 1342 2493 418.
1400 2430 1698 2513 γυναικὸς
1755 2430 1986 2512 ἐσθλῆς
2041 2430 2387 2512 ἤμπλακες.
2458 2430 2644 2493 1083.
2694 2430 2840 2492 241.

386 2517 602 2602 ἀρίστη
652 2518 962 2583 ἀπλακὼν
1007 2519 1263 2604 ἀλόχου.
1313 2522 1459 2583 824.
1509 2521 1645 2590 οἵας
1690 2520 2022 2603 ἤμπλακες
2069 2521 2407 2602 ξυναόρου.

567 2626 712 2689 556.
760 2626 859 2690 ἐπ’
925 2627 1220 2710 ἀρρήτοις
1269 2627 1386 2711 -Ι
1454 2625 1540 2692 Cf.
1598 2627 1748 2692 Eur.
1803 2627 1938 2692 Ion.
1990 2627 2136 2691 228.
2202 2626 2302 2690 ἐπὶ
2369 2624 2427 2691 δ’
2493 2625 2842 2708 ἀσφάκτοις

382 2716 638 2799 μήλοισι
686 2717 910 2798 δόμων
953 2716 1044 2800 μὴ
1091 2717 1299 2800 πάριτ’
1346 2720 1432 2788 εἷς
1484 2717 1710 2801 μυχόν.
1766 2718 1951 2782 Rhes.
2001 2718 2148 2780 649.
2203 2716 2310 2780 καὶ
2356 2722 2470 2780 νῦν
2517 2715 2614 2779 ἐπ’
2663 2716 2839 2779 εὐτυ-

382 2811 598 2888 χοῦντι
634 2805 909 2888 Τρωϊκῷ
954 2814 1203 2889 στρατῷ
1242 2807 1251 2890 Ι
1291 2808 1453 2890 ἥκω.
1501 2807 1635 2892 Iph.
1666 2807 1730 2870 Τ.
1767 2808 1911 2872 680.
1951 2804 2186 2870 Herod.
2220 2806 2268 2870 Ι.
2307 2807 2448 2869 170.
2482 2803 2659 2869 VIII.
2696 2805 2840 2867 102.

567 2913 712 2976 560.
756 2919 887 2983 τοῖς
947 2913 1257 2977 θανοῦσιν
1322 2914 1612 2999 ὠφελεῖν]
1688 2914 1776 2979 Cf.
1833 2914 1927 2977 El.
1988 2915 2133 2978 355.
2198 2914 2384 2977 λυπῶ
2449 2912 2520 2977 δὲ
2581 2913 2843 2984 τούτους

383 3002 550 3065 ὥστε
610 3009 706 3085 τῷ
773 3002 1104 3086 τεθνηκότι
1153 3001 1162 3084 Ι
1210 3002 1393 3085 τιμὰς
1465 3004 1864 3085 προσάπτειν.
1929 3003 2028 3068 Fr.
2090 3003 2245 3087 350,
2292 3009 2351 3066 2.
2425 3002 2546 3085 χρὴ
2617 3001 2687 3066 δὲ
2747 3005 2844 3084 τῷ

382 3091 715 3174 τεθνηκότι
754 3089 763 3174 Ι
802 3091 914 3155 τὸν
976 3093 1160 3166 ζῶντ’
1216 3094 1528 3175 ἐπαρκεῖν.
1577 3092 1737 3156 Phil.
1790 3093 1977 3156 1392.
2025 3092 2175 3156 Eur.
2225 3093 2425 3157 Andr.
2474 3093 2575 3155 80.
2633 3092 2843 3174 γέρων

384 3181 443 3263 γ’
489 3181 731 3252 ἐκεῖνος
775 3181 937 3246 ὥστε
983 3180 1042 3245 σ’
1089 3183 1357 3265 ὠφελεῖν
1401 3184 1648 3265 παρών.
1719 3182 1941 3246 Aesch.
1990 3181 2163 3246 PerS.
2212 3183 2359 3246 839.
2406 3181 2499 3252 ὡς
2543 3187 2672 3252 τοῖς
2715 3180 2840 3244 θα-

382 3275 563 3334 νοῦσι
627 3270 898 3341 πλοῦτος
963 3271 1151 3336 οὐδὲν
1216 3272 1462 3354 ὠφελεῖ.
1529 3271 1631 3336 Pr.
1683 3273 1827 3334 342.
1894 3271 2082 3335 οὐδὲν
2138 3272 2412 3354 ὠφελῶν
2468 3272 2626 3354 ἐμοί.
2694 3272 2840 3342 839.

383 3358 536 3422 Eur.
586 3358 690 3424 Or.
740 3360 887 3425 658.
953 3361 1020 3424 ἐν
1062 3367 1191 3432 τοῖς
1244 3367 1468 3432 κακοῖς
1522 3362 1672 3444 χρὴ’
1703 3366 1829 3431 τοῖς
1876 3361 2142 3443 φίλοισιν
2189 3362 2472 3444 ὠφελεῖν.
2497 3361 2668 3423 .673.
2713 3366 2842 3431 τοῖς

384 3449 776 3531 δεομένοισιν
841 3449 1124 3532 ὠφελεῖν.
1193 3450 1382 3516 Herc.
1431 3452 1578 3514 499.
1642 3451 1946 3514 τέκνοισιν
2009 3453 2073 3515 εἴ
2123 3475 2177 3514 τι
2239 3451 2454 3514 τοισίδ’
2511 3449 2779 3531 ὠφελεῖν
2829 3445 2838 3534 Ι

380 3538 642 3620 μέλλεις.
688 3536 840 3603 Her.
875 3540 1021 3602 331.
1067 3546 1195 3611 τοῖς
1239 3540 1592 3622 ἀμηχάνοις
1637 3540 2092 3622 προσωφελεῖν.
2136 3541 2271 3603 Alc.
2305 3542 2408 3602 42.
2442 3538 2658 3622 Suppl.
2694 3539 2840 3602 327.

384 3628 578 3691 Arist.
614 3629 731 3690 AV.
764 3630 912 3692 420.
960 3629 1226 3711 φίλοισιν
1252 3629 1556 3712 ὠφελεῖν.
1605 3628 2031 3694 Menand.IV.
2055 3631 2200 3693 269.
2235 3630 2313 3693 οὐ
2346 3628 2468 3711 γὰρ
2515 3625 2836 3714 ὠφελεῖΙ

380 3715 455 3780 τὰ
507 3716 736 3799 δάκρυ’
784 3717 1152 3801 ἀναισθήτῳ
1199 3719 1476 3800 γεγονότι
1530 3720 1637 3783 καὶ
1690 3726 1920 3800 νεκρῷ.
1989 3717 2224 3783 Herod.
2276 3720 2334 3800 9,
2389 3718 2531 3782 103.
2578 3740 2839 3800 προσω-

381 3806 628 3889 φελέειν
672 3806 997 3878 ἐθέλοντες
1041 3813 1196 3871 τοῖσι
1228 3807 1501 3891 Ἕλλησι.
1546 3808 1741 3873 Thuc.
1790 3808 1866 3871 V.
1915 3809 2018 3871 23.

566 3912 711 3975 562.
757 3913 1117 3998 πεφάνθαι]
1167 3913 1255 3978 Cf.
1304 3912 1375 3978 Ο.
1406 3913 1478 3977 R.
1528 3915 1673 3979 692.

566 4001 693 4064 563
728 4021 818 4085 sq.
868 4001 960 4066 cf.
1007 4001 1157 4067 Eur.
1204 4003 1301 4068 Er.
1358 4005 1497 4068 165.
1544 4004 1851 4068 ἄκουσον·
1910 4005 1988 4069 οὔ
2045 4003 2167 4088 γὰρ
2213 4006 2274 4068 οἱ
2326 4009 2549 4075 κακῶς
2594 4027 2838 4086 πεπρα-

382 4091 562 4174 γότες
602 4096 611 4174 Ι
652 4090 768 4155 σὺν
828 4098 961 4163 ταῖς
1021 4093 1264 4176 τύχαισι
1326 4093 1474 4165 τοὺς
1536 4093 1769 4176 λόγους
1832 4094 1901 4174 (l.
1947 4095 2056 4159 τόν
2121 4119 2191 4177 γε
2253 4097 2429 4175 νοῦν)
2486 4093 2840 4157 ἀπώλεσαν.

378 4181 657 4265 Theogn.
707 4182 809 4245 35.
874 4184 953 4265 ἢν
1018 4182 1087 4247 δὲ
1152 4188 1440 4247 κακοῖσιν
1490 4182 1499 4266 Ι
1551 4185 1935 4268 συμμίσγῃς,
2000 4184 2254 4253 ἀπολεῖς
2318 4184 2425 4247 καὶ
2487 4183 2595 4247 τὸν
2660 4183 2840 4248 ἐόντα

381 4270 551 4334 νόον.
608 4269 796 4335 Alex.
841 4270 955 4336 III.
1006 4273 1152 4336 522.
1208 4273 1276 4336 αῖ
1326 4273 1610 4355 μείζονες
1650 4272 1659 4357 Ι
1698 4274 1889 4337 λῦπαι
1944 4279 2197 4338 ποιοῦσι
2250 4277 2379 4336 τῶν
2424 4276 2682 4355 φρενῶν
2727 4297 2840 4354 με·

380 4360 687 4424 τάστασιν.
752 4360 912 4424 Phil.
966 4361 1153 4426 1193.
1220 4363 1393 4426 οῦτοι
1456 4362 1798 4446 νεμεσητὸν
1853 4363 2121 4426 ἀλύοντα
2177 4363 2476 4445 χειμερίῳ
2521 4360 2690 4444 λύπᾳ
2735 4361 2843 4425 καὶ

379 4447 559 4606 σὲῗρὰ
623 4453 778 4513 νοῦν
839 4450 1075 4534 θροεῖν.
1257 4453 1329 4526 ὃς
1392 4452 1471 4515 ἂν
1532 4452 1769 4537 βλάστῃ
1819 4489 1903 4497 -
1949 4451 2133 4535 νοῦς]
2201 4451 2307 4517 Sic
2351 4457 2549 4533 φῦσαι
2602 4452 2843 4536 φρένας

468 4589 482 4602 .
533 4539 722 4609 1463.
766 4543 885 4619 pto,
1813 4585 1818 4590 -
2071 4582 2078 4590 -
2223 4583 2230 4592 .
2663 4588 2672 4598 .
2825 4583 2832 4594 .
