3463 5287
1404 414 1668 459 nnnc‘rm
2636 394 2757 457 161

497 575 680 637 1310.
727 573 1004 656 φαιδρὸν
1048 573 1289 656 τούμὸν
1320 575 1542 655 ὄψεται
1573 572 1776 657 κάρα]
1827 571 1915 636 Cf.
1947 573 2153 656 Apoll.
2187 572 2387 637 Rhod.
2420 571 2535 636 III.
2573 573 2761 636 1023.

309 665 563 748 ἱμερόεν
608 664 947 747 φαιδρῇσιν
992 663 1102 726 ὑπ’
1150 663 1385 745 ὀφρύσι
1428 663 1846 745 μειδιόωντες.

498 755 679 817 1311.
728 752 1039 837 ἐντέτηκε]
1107 752 1196 816 Cf.
1255 753 1335 816 ad
1388 752 1486 815 Tr.
1544 752 1690 815 463.
1758 751 1923 835 Plat„
1973 750 2227 815 Menex.
2276 753 2405 814 245
2437 749 2513 814 D.
2579 749 2763 814 Diod.

312 844 431 908 Sic.
480 842 528 905 I.
577 843 680 906 83.

497 933 683 996 1315.
730 933 1009 1014 εἴργασαι
1066 931 1138 994 δέ
1187 929 1259 1013 μ’
1315 930 1604 1015 ἄσκοπα]
1680 931 1768 995 Cf.
1820 931 1917 1013 Aj.
1968 931 2069 993 21.
2137 935 2385 1012 πρᾶγος
2457 931 2762 994 ἄσκοπον.

314 1023 406 1085 ΕΙ.
454 1023 602 1085 864.
649 1022 935 1091 ἄσκοπος
980 1022 1020 1083 ἆ
1067 1021 1264 1103 λώβα.
1313 1020 1424 1084 Ph.
1478 1022 1663 1083 1111.
1710 1021 1966 1084 ἄσκοπα
2013 1020 2263 1102 κρυπτά
2309 1018 2360 1081 τ’
2407 1020 2545 1102 ἔπη.

497 1111 683 1174 1319.
728 1108 929 1196 μόνη]
978 1108 1065 1172 Cf.
1121 1110 1260 1173 119.

498 1202 683 1264 1320.
730 1201 851 1262 οὐκ
898 1202 976 1262 ἂν
1024 1199 1201 1263 δυοῖν
1248 1197 1554 1283 ἥμαρτον]
1607 1199 1696 1262 Cf.
1728 1198 1920 1263 Thuc.
1947 1197 1994 1261 Ι.
2019 1200 2119 1262 33.
2157 1197 2464 1262 Andocid.
2497 1218 2555 1282 p.
2580 1200 2638 1281 4,
2666 1199 2761 1260 11.

316 1291 505 1355 Isocr.
553 1311 610 1373 p.
660 1291 788 1353 229
821 1286 896 1351 D.
963 1289 1141 1352 δυοῖν
1204 1294 1333 1351 τοῖν
1397 1289 1733 1370 αἰσχίστοιν
1791 1289 1868 1351 οὗ
1926 1288 2482 1371 διαμαρτάνουσιν
2548 1288 2608 1350 εἰ
2644 1287 2765 1369 μὲν

317 1380 435 1462 γὰρ
471 1419 581 1453 —,
629 1380 688 1442 εἰ
730 1378 799 1442 δὲ
833 1416 943 1438 -.
994 1378 1142 1441 Eur.
1191 1376 1391 1442 Orest.
1439 1379 1625 1441 1151.
1674 1377 1817 1449 ἑνὸς
1863 1377 1984 1459 γὰρ
2032 1378 2110 1440 οὐ
2158 1377 2493 1459 σφαλέντες
2538 1376 2769 1460 ἕξομεν

314 1470 512 1539 κλέος.
567 1470 754 1531 1145.
800 1468 1016 1538 καλῶς
1061 1467 1363 1537 θανόντες
1409 1470 1448 1550 ἢ
1496 1468 1711 1537 καλῶς
1759 1468 2164 1549 σεσωσμένοι.

499 1560 685 1621 1322.
734 1556 1039 1640 ἐπῄνεσα]
1089 1555 1136 1621 I.
1171 1577 1227 1640 q.
1260 1556 1604 1639 παρῄνεσα.
1671 1556 1761 1620 Cf.
1796 1555 1867 1619 Ο.
1893 1556 1958 1620 C.
1994 1556 2140 1619 665.
2278 1556 2371 1627 ὥς
2401 1554 2501 1619 ἐπ’
2534 1554 2765 1639 ἐξόδῳ]

316 1647 402 1711 Cf.
449 1647 546 1710 Tr.
597 1648 741 1709 532.
788 1649 923 1709 κατ’
971 1645 1150 1709 οἶκον
1195 1646 1386 1728 θροεῖ
1426 1684 1506 1692 -
1557 1645 1649 1716 ὥς
1696 1645 1795 1709 ἐπ’
1843 1645 2067 1727 ἐξόδῳ.
2115 1644 2264 1708 Eur.
2312 1644 2445 1708 Ion.
2497 1646 2643 1707 515.

500 1737 685 1799 1323.
731 1741 859 1798 τῶν
923 1734 1211 1818 ἔνδοθεν]
1279 1734 1369 1798 Cf.
1434 1735 1646 1798 Trach.
1705 1735 1852 1798 601.
1918 1740 2047 1805 ταῖς
2102 1735 2350 1798 ἔσωθεν
2406 1773 2489 1781 -
2547 1735 2766 1807 ξέναις.

321 1827 507 1889 Arist.
557 1825 648 1889 Pl.
698 1827 844 1888 228.
891 1824 1136 1887 τουτοδὶ
1182 1824 1483 1905 κρεάδιον
1522 1825 1530 1905 Ι
1571 1830 1700 1888 τῶν
1757 1824 2022 1887 ἔνδοθέν
2067 1848 2156 1894 τις
2201 1824 2610 1905 εἰσενεγκάτω
2656 1823 2766 1885 λα-

314 1916 468 1997 βών.
536 1914 681 1976 964.
748 1915 904 1996 φέρε
959 1938 1072 1976 νυν
1118 1913 1247 1994 ἐγὼ
1294 1918 1423 1976 τῶν
1468 1914 1735 1977 ἔνδοθεν
1779 1913 2030 1976 καλέσω
2076 1914 2225 1976 τινά.
2283 1912 2450 1976 Xen.
2499 1910 2641 1994 Cyr.
2688 1912 2766 1974 V.

318 2008 372 2067 2.
409 2007 466 2067 5.
513 2003 659 2073 τοὺς
704 2004 971 2066 ἔνδοθεν
1015 2003 1251 2073 πάντας
1297 2004 1481 2085 ἐξῆγε
1526 2004 1838 2085 φέροντας
1886 2001 2058 2066 οἶνον
2105 2008 2218 2066 etc.
2268 2001 2446 2065 Dem.
2484 2022 2542 2085 p.
2583 2002 2767 2064 1046.

316 2093 520 2157 πολλὰ
567 2098 696 2156 τῶν
741 2093 1008 2155 ἔνδοθεν
1055 2093 1436 2175 ἐκφορήσας.

503 2184 687 2246 1324.
737 2182 827 2246 Cf.
877 2181 972 2244 Fr.
1023 2183 1127 2264 61,
1176 2184 1231 2243 3.
1280 2182 1486 2252 ἄλλως
1532 2205 1595 2244 τε
1639 2182 1748 2244 καὶ
1794 2181 1956 2264 κόρη
2004 2205 2067 2243 τε
2112 2181 2371 2263 κάργεία
2421 2181 2615 2262 γένος.

503 2273 686 2334 1327.
735 2271 864 2353 ἐγὼ
913 2271 983 2335 δὲ
1028 2272 1247 2353 ταρβῶ
1291 2272 1381 2353 μὴ
1435 2309 1516 2318 —-
1563 2272 1753 2354 θῆται
1807 2269 1960 2353 παρ’
2019 2270 2207 2334 οὐδὲν
2260 2270 2369 2341 τὰς
2425 2269 2583 2352 ἐμὰς
2638 2271 2767 2333 ἐπι-

318 2362 557 2432 στολάς.
607 2360 676 2423 Ο.
711 2360 781 2423 R.
832 2361 976 2423 983.
1028 2363 1175 2423 Ant.
1225 2362 1326 2422 34.
1375 2361 1521 2422 466.

501 2452 687 2514 1328.
737 2448 1024 2533 ἐγγενὴς]
1074 2448 1164 2512 Cf.
1200 2448 1379 2512 Pind.
1403 2448 1476 2511 N.
1499 2449 1579 2512 X.
1604 2450 1704 2510 95.
1737 2450 1948 2531 σφίσιν
1978 2448 2222 2530 ἐγγενὲς
2253 2450 2452 2531 ἔμμεν
2483 2448 2769 2530 ἀγαθοῖς.

503 2541 688 2601 1334.
738 2539 1065 2621 εὐλάβειαν
1102 2575 1178 2583 ——
1215 2537 1621 2621 προυθέμην]
1672 2537 1759 2601 Cf.
1809 2537 1879 2601 Ο.
1914 2538 1983 2602 R.
2039 2539 2223 2603 1460.
2270 2538 2521 2601 παίδων
2570 2537 2639 2601 δὲ
2687 2576 2770 2584 -

315 2631 408 2713 μή
439 2654 578 2712 μοι,
615 2628 842 2711 Κρέον,
885 2628 893 2713 Ι
934 2629 1155 2712 προθῇ
1204 2629 1484 2711 (προσθῇ
1519 2628 1686 2706 mss.)
1731 2628 2061 2710 μέριμναν.
2118 2629 2256 2691 134.
2299 2630 2443 2692 287.
2494 2628 2590 2710 Aj.
2627 2627 2770 2690 536.

504 2719 690 2782 1336.
738 2719 1057 2801 ἀπλήστου
1095 2755 1174 2763 -
1209 2718 1324 2780 σὺν
1369 2726 1540 2801 χαρᾷ
1583 2718 1778 2803 βοῆς]
1829 2716 1913 2781 Cf.
1964 2718 2112 2782 Eur.
2163 2716 2379 2802 Suppl.
2423 2718 2522 2780 79.
2570 2717 2770 2800 ἄπλη-

316 2833 460 2879 στος
509 2846 592 2855 -
639 2808 819 2891 χάρις
867 2807 1057 2889 γόων.

506 2899 689 2961 1337.
737 2899 888 2960 εἴσω
934 2896 1298 2981 παρέλθετ’]
1349 2895 1435 2959 Cf.
1484 2898 1734 2960 Arrian.
1781 2896 1919 2959 Ind.
1968 2898 2071 2978 28,
2114 2899 2170 2958 3.
2219 2897 2312 2967 ὡς
2359 2896 2430 2960 δὲ
2476 2898 2604 2961 ἔσω
2650 2920 2771 2959 πυ-

318 2989 485 3052 λέων
529 2987 851 3068 παρῆλθε,
900 2994 1014 3051 etc.

505 3077 690 3138 1338.
739 3076 1144 3158 ἀπηλλάχθαι
1192 3076 1249 3139 δ’
1298 3074 1508 3157 ἀκμή]
1569 3073 1655 3137 Cf.
1704 3075 1780 3137 ad
1833 3076 1934 3137 22.
1982 3076 2190 3156 ἔργων
2237 3076 2430 3157 ἀκμή.
2480 3075 2627 3138 Eur.
2678 3075 2770 3137 El.

321 3167 467 3229 684.
515 3166 769 3247 στείχειν
827 3165 884 3228 δ’
933 3166 1125 3247 ἀκμή.
1191 3166 1418 3228 Aesch.
1467 3167 1584 3246 Ag.
1645 3166 1827 3227 1324.
1890 3164 1960 3226 τὸ
2014 3165 2105 3247 μὴ
2162 3165 2406 3246 μέλλειν
2462 3165 2518 3227 δ’
2575 3165 2771 3246 ἀκμή.

319 3256 492 3319 Pers.
541 3255 688 3317 407.
736 3253 986 3317 κούκέτ’
1034 3254 1112 3336 ἦν
1156 3254 1401 3335 μέλλειν
1447 3253 1639 3334 ἀκμή.

504 3344 693 3406 1339.
741 3342 1013 3427 εἰσιόντι]
1064 3341 1149 3405 Cf.
1197 3344 1390 3405 Arist.
1434 3342 1590 3405 Ach.
1627 3342 1772 3404 970.
1821 3342 2036 3423 εἴσειμ’
2084 3341 2238 3404 ὑπαὶ
2283 3342 2615 3424 πτερύγων
2666 3378 2774 3403 -.

322 3436 467 3498 202.
516 3434 657 3506 ἄξω
703 3432 776 3495 τὰ
823 3435 959 3495 κατ’
1007 3432 1244 3514 ἀγροὺς
1291 3431 1500 3495 εἰσιὼν
1547 3430 1860 3494 Διονύσια.

507 3523 694 3585 1340.
741 3522 1007 3604 ὑπάρχει
1043 3521 1157 3604 -]
1216 3521 1304 3584 Cf.
1356 3522 1546 3584 Arist.
1592 3521 1701 3584 Th.
1754 3522 1898 3583 851.
1946 3521 2201 3590 πάντως
2249 3519 2305 3583 δ’
2354 3521 2620 3603 ὑπάρχει
2665 3544 2776 3602 μοι

323 3612 642 3694 γυναικεία
707 3611 911 3693 στολή.
985 3612 1167 3674 1012.
1244 3609 1411 3674 Eccl.
1471 3611 1607 3672 114.
1675 3612 1826 3692 ἡμῖν
1894 3609 1951 3672 δ’
2018 3610 2284 3691 ὑπάρχει
2359 3616 2543 3672 τοῦτο
2615 3609 2774 3672 κατὰ

317 3704 514 3785 τύχην
560 3702 708 3764 τινά.
755 3699 919 3764 Xen.
969 3699 1155 3765 Mem.
1205 3703 1262 3782 2,
1312 3703 1370 3780 3,
1418 3703 1475 3761 4.
1541 3699 1704 3780 πρὸς
1769 3700 1979 3780 φιλίαν
2031 3700 2195 3781 μέγα
2258 3700 2521 3781 ὑπάρχει
2576 3698 2646 3761 τὸ
2702 3701 2776 3762 ἐκ

323 3797 449 3854 τῶν
495 3791 709 3853 αὐτῶν
755 3795 965 3871 φῦναι.

507 3880 692 3941 1341.
741 3879 1028 3960 ἤγγειλας
1079 3916 1158 3924 -
1207 3879 1299 3948 ὡς
1345 3877 1729 3961 τεθνηκότα]
1792 3877 1879 3941 Cf.
1930 3876 2080 3940 Eur.
2128 3877 2270 3941 Hel.
2321 3878 2466 3941 617.
2525 3878 2618 3947 ὡς
2670 3880 2775 3960 βε·
2886 3959 2893 3966 .

321 3972 595 4052 βηκυῖαν
645 4005 724 4013 -
775 3968 1089 4049 ἤγγελλον.

508 4058 695 4120 1344.
742 4056 1160 4140 τελουμένων]
1211 4057 1300 4120 Cf.
1349 4057 1497 4119 Eur.
1548 4057 1747 4120 Andr.
1799 4057 1943 4119 998.
1992 4057 2388 4138 τελουμένων
2436 4056 2504 4120 δὲ
2552 4055 2780 4138 Δελφὶς

325 4150 540 4212 εἴσεται
586 4147 801 4228 πέτρα.
852 4146 987 4210 Alc.
1037 4148 1138 4208 88.
1188 4145 1317 4228 Iph.
1369 4148 1442 4208 A.
1500 4147 1684 4209 1022.

507 4238 696 4300 1347.
745 4236 809 4306 ἐς
853 4235 1071 4317 θυμὸν
1116 4234 1333 4318 φέρω]
1393 4234 1484 4298 Cf.
1535 4233 1682 4298 Luc,
1733 4233 1846 4297 Ev.
1896 4233 2009 4296 IX.
2058 4236 2161 4295 44.
2228 4235 2428 4297 θέσθε
2474 4235 2650 4316 ὑμεῖς
2694 4236 2780 4305 εἰς

326 4326 397 4388 τὰ
442 4324 576 4390 ὦτα
623 4325 812 4407 ὑμῶν
855 4324 1004 4395 τοὺς
1049 4325 1279 4406 λόγους
1323 4326 1598 4394 τούτους.

508 4416 697 4479 1354.
744 4412 803 4478 ὦ
849 4414 1142 4497 φίλτατον
1188 4420 1334 4497 φῶς
1383 4414 1500 4499 -]
1569 4412 1652 4476 Cf.
1703 4414 1850 4475 Eur.
1904 4413 2035 4476 Ion.
2092 4413 2276 4476 1438.
2335 4410 2393 4476 ὦ
2440 4413 2676 4486 τέκνον,
2723 4410 2781 4476 ὦ

327 4510 468 4586 φῶς
513 4504 703 4587 μητρὶ
748 4510 1041 4585 κρεῖσσον
1087 4504 1281 4586 ἡλίου.
1329 4505 1513 4567 Herc.
1567 4504 1712 4564 531.

2277 4611 2353 4673 11
