3463 5287
669 388 799 454 350
1685 410 1937 457 mmmm
1981 412 2104 457 nux

847 570 991 633 957.
1040 562 1330 653 σημήνας
1387 570 1605 655 γενοῦ]
1681 570 1776 634 Cf.
1828 570 2016 634 1146.
2081 571 2180 653 Aj.
2231 571 2379 634 588.
2440 570 2533 654 μὴ
2597 569 2885 654 προδοὺς
2954 571 3126 654 ἡμᾶς

667 658 832 742 γένῃ.
879 658 993 723 Ph.
1045 660 1187 723 773.
1232 660 1324 743 μὴ
1374 658 1604 724 σαυτὸν
1640 698 1719 706 -—
1753 660 1994 731 κτείνας
2041 661 2205 744 γένῃ.
2264 659 2421 724 Plat.
2479 659 2665 745 Soph.
2715 663 2860 725 217.
2907 661 3006 744 μὴ
3046 698 3122 707 --

664 747 1057 832 ᾶπαρνηθεὶς
1103 749 1269 833 γένῃ.
3123 821 3127 825 ,

846 838 991 902 958.
1040 837 1128 902 Of.
1176 840 1274 922 Aj.
1326 838 1470 904 719.
1527 839 1755 921 ἄνδρες
1800 839 1995 923 φίλοι,
2051 837 2122 903 τὸ
2153 844 2412 922 πρῶτον
2454 839 2619 924 (lege
2664 845 2926 923 πρῶτον
2972 840 3127 919 τόδ’)

666 927 941 1010 ἀγγεῖλαι
986 928 1178 992 θέλω.
1224 928 1321 993 Tr.
1359 929 1502 992 749.
1549 929 1608 992 εἰ
1646 928 1769 1012 χρὴ
1816 929 2049 1011 μαθεῖν
2095 952 2190 1004 σε,
2237 931 2439 994 πάντα
2489 929 2566 1013 δὴ
2609 935 2848 1013 φωνεῖν
2892 930 3126 1014 χρεών.

847 1035 991 1099 959.
1040 1032 1110 1099 εὖ
1143 1034 1305 1120 ἴσθ’]
1351 1033 1587 1099 Hiatus
1619 1036 1830 1118 qualis
1860 1040 1957 1100 est
2001 1036 2070 1099 in
2117 1033 2176 1100 ὦ
2208 1033 2393 1107 οὗτος
2424 1034 2583 1100 0.c.
2615 1037 2803 1101 1627.
2852 1038 2955 1120 Aj.
2979 1037 3127 1100 986.

753 1125 1115 1208 θανάσιμον
1159 1123 1513 1210 βεβηκότα]
1561 1124 1653 1188 cf.
1703 1126 1851 1189 823.
1899 1128 1999 1209 Aj.
2050 1126 2193 1189 517.
2231 1125 2450 1191 Ἅιδου
2496 1126 2894 1209 θανασίμους
2943 1127 3123 1209 οἰκή-

663 1236 870 1297 τορας.
918 1212 1013 1277 ΕΙ.
1065 1215 1255 1278 1152.
1302 1214 1592 1298 φροῦδος
1638 1250 1722 1259 -—
1770 1212 1830 1278 εἶ
1867 1214 2109 1279 θανών.
2166 1214 2328 1279 Phil.
2376 1216 2523 1279 425.
2572 1216 2720 1278 819.
2768 1214 2917 1279 Eur.
2968 1214 3126 1279 Ηθο.

671 1303 857 1366 1032.
905 1304 948 1388 ἥ
995 1303 1052 1368 σ’
1100 1304 1377 1387 ἐπήγαγε
1421 1303 1781 1386 θανάσιμον
1826 1302 1990 1387 πρὸς
2023 1303 2259 1367 Ἅιδαν.
2308 1307 2454 1367 414.
2504 1306 2731 1387 οἴχεται
2778 1305 3027 1369 θανών.
3073 1300 3076 1305 ’

847 1392 991 1456 960.
1039 1394 1233 1457 νόσου
1281 1391 1668 1477 ξυναλλαγῇ]
1726 1392 1837 1475 By
1884 1393 2167 1477 having
2212 1400 2284 1458 to
2332 1393 2422 1457 do
2470 1394 2649 1457 with
2697 1394 2964 1478 (being
3012 1395 3127 1456 in-

664 1481 938 1547 volved
983 1483 1090 1563 in)
1139 1482 1453 1547 disease.
1531 1481 1617 1546 Of.
1668 1484 1771 1545 34.
1817 1483 1886 1546 ἔν
1929 1506 1994 1546 τε
2041 1482 2370 1566 δαιμόνων
2415 1483 2844 1567 ξυναλλαγαῖς.

844 1591 989 1653 961.
1039 1589 1272 1673 σμικρὰ
1322 1627 1408 1636 -
1455 1589 1659 1674 ῥοπή]
1736 1590 1826 1654 Cf.
1874 1588 1946 1655 Ο.
1979 1590 2046 1654 C.
2100 1591 2286 1653 1508.
2363 1590 2533 1674 ῥοπὴ
2608 1591 2753 1674 βίου
2825 1614 2957 1674 μοι.
3029 1590 3124 1655 Fr.

665 1679 813 1763 499,
860 1681 918 1741 4.
965 1679 1212 1750 λεπταῖς
1258 1678 1358 1743 ἐπὶ
1402 1679 1674 1762 ῥοπῆοιν
1720 1680 1977 1762 (λεπτῆς
2022 1679 2125 1743 ἐπὶ
2170 1680 2377 1763 ῥοπῆς
2423 1680 2618 1763 γὰρῗ)
2666 1679 2953 1763 ἐμπολᾶς
2998 1703 3123 1763 μα-

663 1767 826 1852 κρὰς
866 1769 875 1853 Ι
917 1768 1059 1849 (ἀεὶ)
1103 1769 1655 1851 παραρρίπτοντες.
1701 1768 1796 1832 Tr.
1830 1770 1932 1831 82.
1981 1767 2052 1834 O.
2087 1768 2148 1831 O.
2195 1770 2384 1833 1508.
2429 1768 2606 1853 Trag.
2639 1769 2848 1854 adesp.
2886 1769 3035 1852 102,
3069 1770 3125 1831 2.

663 1859 704 1940 ἡ
753 1857 875 1940 γὰρ
921 1858 1076 1942 τύχη
1122 1860 1427 1942 βραχεῖαν
1457 1861 1537 1941 ἢν
1581 1858 1744 1941 λάβῃ
1779 1857 2004 1941 ῥόπὴν,
2037 1857 2161 1921 κτλ.
2208 1857 2361 1922 Eur.
2395 1858 2585 1943 Hipp.
2624 1860 2811 1922 1158.
2853 1858 3125 1940 δέδορκε

662 1948 875 2030 μέντοι
939 1952 1084 2030 φῶς
1148 1946 1248 2011 ἐπὶ
1312 1951 1584 2030 σμικρᾶς
1647 1948 1871 2030 ῥοπῆς.
1943 1946 2134 2010 Thuc.
2188 1948 2258 2011 V.
2313 1948 2456 2012 103.
2530 1948 2631 2010 ἐπὶ
2702 1948 2912 2031 ῥοπῆς
2975 1952 3127 2031 μιᾶς

666 2040 960 2120 (σμικρᾶς
1005 2044 1176 2102 recte
1221 2036 1457 2119 HerW.)
1523 2038 1712 2107 ὄντες.
1778 2036 2048 2100 Monost.
2099 2038 2244 2101 712.
2310 2039 2561 2120 στρέφει
2626 2036 2696 2101 δὲ
2749 2037 2956 2101 πάντα
3015 2037 3125 2099 τάν

663 2127 787 2209 βίῳ
839 2125 1038 2210 μικρὰ
1094 2126 1249 2210 τύχη
1307 2126 1508 2210 (ῥοπή
1556 2126 1827 2189 feliciter
1872 2126 1938 2190 F.
1986 2125 2086 2190 W.
2133 2124 2454 2205 Schmidt).
2504 2125 2662 2190 Plat.
2710 2124 2895 2212 Resp.
2948 2125 3125 2190 VIII.

664 2235 723 2299 p.
773 2216 917 2278 556.
967 2216 1207 2279 οὐκοῦν
1253 2215 1474 2298 ὥσπερ
1529 2219 1719 2298 σῶμα
1778 2214 2061 2286 νοσῶδες
2105 2220 2340 2298 μικρᾶς
2386 2216 2592 2299 ῥοπῆς
2637 2214 2884 2290 ἔξωθεν
2932 2217 3124 2281 δεῖται

664 2305 1146 2388 προσλαβέσθαι
1207 2305 1372 2388 πρὸς
1434 2303 1505 2369 τὸ
1551 2307 1831 2388 κάμνειν,
1878 2304 2004 2368 κτλ.
2070 2303 2235 2369 Plut.
2282 2306 2504 2369 Artax.
2555 2304 2655 2368 30.
2712 2304 2792 2389 ἦν
2837 2305 2963 2389 μὲν
3012 2302 3125 2369 οὗν

665 2393 766 2456 ἐπὶ
821 2395 1027 2477 ῥοπῆς
1079 2398 1313 2477 μικρᾶς
1367 2394 1405 2458 δ
1450 2395 1863 2478 Ἀρτοξέρξης
1898 2392 2021 2477 ,διὰ
2075 2393 2145 2457 τὸ
2203 2399 2403 2478 ’γῆρας
2448 2393 2571 2477 ἤδη
2621 2395 2782 2470 τότε,
2836 2417 3121 2478 προσπε-

665 2482 885 2553 σόντος
932 2482 989 2546 δ’
1037 2484 1214 2565 αὐτῷ
1275 2488 1386 2547 τοῦ
1442 2483 1586 2565 περὶ
1639 2483 1747 2547 τὸν
1784 2482 2113 2566 Ἀρσάμην
2157 2483 2414 2554 πάθους
2461 2521 2544 2530 --
2590 2482 2719 2548 ὑπὸ
2765 2483 2974 2568 λύπης
3020 2482 3124 2547 καὶ

667 2571 1027 2656 δυσθυμίας
1073 2573 1457 2657 ἀπεσβέσθη.
1515 2573 1680 2637 Plut.
1720 2571 1874 2636 Mar.
1909 2574 2011 2636 45.
2060 2574 2266 2657 ῥοπῆς
2309 2572 2609 2657 βραχείας
2655 2575 3122 2658 ἐπιγενομένης.

755 2662 1000 2745 σώματ’
1048 2660 1323 2745 εὐνάζει]
1379 2661 1426 2726 Ι.
1477 2683 1529 2727 e.
1585 2664 1950 2747 consopit.
2028 2663 2328 2748 Anglice,
2395 2663 2763 2748 consigno
2818 2669 2892 2729 to
2947 2668 3122 2729 rest.

666 2751 758 2816 Cf.
803 2750 900 2815 Tr.
938 2753 1126 2816 1042.
1183 2749 1242 2815 ὦ
1289 2751 1522 2833 γλυκὺς
1559 2752 1796 2826 Ἀΐδας,
1843 2753 2110 2816 εὔνασόν
2154 2751 2224 2836 μ’
2271 2754 2538 2817 εὔνασον
2584 2754 2882 2836 ὠκυπέτα
2926 2754 3123 2837 μόρῳ

662 2841 772 2905 τὸν
815 2842 1043 2924 μέλεον
1087 2841 1341 2924 φθίσας.
1387 2835 1538 2905 Eur.
1586 2839 1801 2927 Suppl.
1845 2841 1989 2906 766.
2036 2842 2367 2926 κᾶστρωσέ
2412 2841 2469 2924 γ’
2517 2841 2739 2915 εὐνὰς
2783 2842 3123 2924 κάκάλυψε

666 2931 993 3014 σώματα.
1041 2930 1249 3015 Apoll.
1295 2930 1494 2995 Rhod.
1541 2930 1623 2996 Π.
1666 2931 1813 2996 858.
1862 2931 2016 2994 ἀλλά
2064 2955 2138 2996 νυ
2185 2932 2292 2995 καὶ
2335 2931 2444 2996 τὸν
2484 2931 2494 3013 Ι
2535 2930 2689 2996 αὖθι
2732 2931 3119 3015 μινυνθαδίη

662 3021 906 3105 πάτρης
949 3019 1102 3091 ἑκὰς
1147 3022 1370 3085 εὔνασε
1414 3026 1660 3092 νοῢοος.

841 3127 990 3192 963.
1036 3135 1129 3210 τῷ
1156 3135 1501 3212 μακρῴ-
1523 3129 2083 3212 συμμετρούμενος
2112 3128 2362 3214 χρόνῳ]
2397 3128 2484 3193 Cf.
2511 3131 2610 3193 73.
2642 3128 2795 3193 Eur.
2816 3127 2949 3193 Ion.
2973 3129 3119 3192 547.

663 3223 756 3300 τῷ
817 3217 1035 3300 χρόνῳ
1100 3241 1169 3301 γε
1223 3220 1553 3302 συντρέχει.
1611 3215 1811 3282 Orest.
1865 3219 2052 3281 1215.
2108 3217 2345 3301 χρόνου
2396 3217 2467 3282 τὸ
2511 3224 2723 3302 μῆκος
2768 3217 2923 3282 αὐτὸ
2970 3242 3117 3283 συν-

661 3307 878 3390 τρέχει.
943 3308 1170 3372 Aesch.
1219 3307 1429 3372 Prom.
1478 3309 1624 3371 223.
1690 3308 1812 3371 οὐκ
1877 3308 2158 3390 ἠξίωσαν
2213 3308 2365 3372 οὐδὲ
2409 3308 2810 3391 προσβλέψαι
2855 3308 2927 3372 τὸ
2972 3311 3118 3371 πᾶν.

662 3393 762 3461 Fr.
812 3396 959 3478 362,
1006 3399 1062 3460 2.
1108 3396 1298 3462 Thac.
1348 3397 1490 3461 VH.
1543 3398 1641 3460 15.

845 3486 989 3549 964.
1036 3491 1160 3571 φεῦ
1206 3492 1358 3571 φεῦ,
1403 3487 1463 3549 τί
1505 3485 1639 3570 δῆτ’
1685 3488 1766 3551 ἂν
1812 3486 1962 3571 —,·]
2013 3485 2104 3550 Cf.
2152 3487 2264 3551 Ph.
2298 3487 2445 3550 428.
2493 3492 2616 3570 φεῦ
2663 3493 2814 3572 φεῦ,
2860 3487 2919 3550 τί
2961 3487 3116 3572 δῆτα

666 3575 767 3639 δεῖ
803 3580 1063 3640 σκοπεῖν
1108 3575 1217 3639 ὅθ’
1249 3575 1383 3640 οἵδε
1425 3574 1546 3659 μὲν
1586 3576 1596 3660 Ι
1636 3576 1889 3640 τεθνᾶο’
1937 3599 2059 3652 -,·

845 3682 991 3747 965.
1039 3682 1128 3748 Of.
1193 3680 1347 3748 Eur.
1412 3682 1602 3768 Hipp.
1665 3684 1850 3748 1058.
1924 3683 2072 3755 τοὺς
2138 3683 2196 3747 δ’
2259 3679 2421 3766 ὑπὲρ
2490 3685 2658 3767 κάρα
2709 3685 2718 3768 Ι
2768 3689 3116 3767 φοιτῶντας

664 3771 838 3854 ὅρνις
891 3770 1071 3836 πόλλ’
1128 3772 1257 3855 ἐγὼ
1311 3773 1549 3857 χαίρειν
1602 3773 1785 3854 λέγω.
1842 3771 1984 3837 Hel.
2036 3773 2180 3835 747.
2237 3773 2377 3837 οὐδ’
2424 3772 2502 3857 ἦν
2556 3773 2726 3856 ὑγιὲς
2771 3773 2960 3837 οὐδὲν
3007 3775 3113 3856 ἔμ-

661 3861 875 3944 πύρου
939 3861 1180 3945 φλογὸς
1219 3862 1229 3945 Ι
1271 3862 1423 3926 οὐδὲ
1489 3867 1831 3944 πτερωτῶν
1894 3862 2232 3945 φθέγματ’.
2301 3864 2445 3926 753.
2508 3864 2568 3925 τί
2609 3863 2765 3946 δῆτα
2809 3860 3113 3946 μαντευό-

661 3953 872 4034 μεθα,·
934 3956 1061 4022 τοῖς
1122 3952 1326 4016 θεοῖσι
1389 3952 1512 4037 χρὴ
1555 3952 1566 4037 Ι
1605 3953 1883 4023 θύοντας
1948 3953 2132 4016 αἰτεῖν
2201 3950 2445 4034 ἀγαθὰ,
2509 3953 2802 4033 μαντείας
2866 3951 2925 4015 δ’
2990 3953 3113 4038 ἐᾶν.

751 4040 866 4124 τὴν
917 4041 1319 4124 πυθόμαντιν
1374 4041 1599 4126 ἑστίαν]
1665 4041 1758 4106 Cf.
1816 4042 2041 4106 Aesch.
2091 4040 2242 4106 Cho.
2296 4042 2482 4105 1030.
2546 4041 2655 4104 τὸν
2718 4042 3114 4124 πυθόμαντιν

663 4129 925 4205 Λοξίαν.
975 4128 1044 4195 Ο.
1067 4129 1133 4195 C.
1158 4132 1305 4194 413.
1354 4130 1670 4214 Δελφικῆς
1701 4131 1816 4214 ἀφ’
1848 4132 2062 4201 ἑστίας.
2143 4130 2380 4196 Confer
2408 4131 2858 4214 πυθόκραντος
2892 4130 3111 4196 Aesch-

845 4328 992 4393 966.
1037 4328 1381 4415 κλάζοντα]
1449 4328 1538 4394 cf.
1586 4331 1734 4394 Ant.
1788 4330 1932 4393 112.
1984 4330 2171 4394 1002.
2235 4329 2424 4394 Hom.
2471 4328 2545 4393 Il.
2598 4328 2699 4411 16,
2748 4331 2897 4392 428.
2952 4329 3014 4393 οἱ
3056 4322 3111 4389 δ’

664 4417 817 4482 ὥστ’
881 4419 1160 4501 αἰγυπιοὶ
1209 4457 1288 4467 -—
1338 4420 1638 4494 κλάζοντε
1698 4420 2045 4503 μάχωνται.
2123 4420 2232 4500 10,
2280 4418 2426 4483 276.
2497 4422 2597 4501 17,
2650 4419 2793 4482 756.
2858 4413 3108 4482 Hesiod.

664 4504 778 4591 Op.
837 4508 986 4571 447.
1051 4508 1287 4573 Mosoh.
1341 4507 1453 4574 IV.
1503 4510 1604 4572 23.
1670 4511 1710 4592 ἡ
1781 4509 1849 4572 δὲ
1911 4512 2048 4573 κατ’
2112 4507 2343 4580 αὐτοὺς
2392 4508 2402 4593 Ι
2450 4512 2732 4573 πωτᾶται
2795 4507 3107 4582 κλάζουσα
