3463 5287
611 412 736 473 160
1700 431 1965 477 mmm.

606 590 916 653 κέλευθον
962 590 1124 672 ἀνὴρ
1171 589 1466 672 οὐδαμοῦ
1516 590 1703 673 δηλοῖ
1741 593 1973 674 φανείς.
2022 591 2171 654 Eur.
2221 590 2323 655 Or.
2369 593 2555 655 1251.
2603 592 2787 677 στῆθ’
2835 595 2900 656 αἱ
2943 592 3063 675 μὲν

605 679 792 761 ὑμῶν
835 678 1005 743 τόνδ’
1053 679 1352 763 ἁμαξήρη
1398 681 1629 763 τρίβον.

789 769 976 831 1275.
1040 767 1432 854 πολύπονον]
1498 771 2061 833 Aerumnosam.
2128 771 2461 834 πολύπονα
2525 790 2642 855 per
2703 771 3061 836 πολύστονα

607 856 964 941 explicatur
1006 858 1074 920 in
1121 856 1284 921 Phil.
1336 860 1480 922 777.

789 947 976 1009 1276.
1022 948 1080 1009 τί
1118 945 1209 1029 μὴ
1258 946 1573 1031 ποιήσω;]
1642 946 1733 1011 Cf.
1783 949 1880 1031 Aj.
1933 949 2032 1011 77.
2096 949 2156 1012 τί
2203 948 2294 1032 μὴ
2344 951 2623 1033 γένηται,·
2688 949 2759 1013 Ο.
2793 948 2863 1012 R.
2915 952 3061 1014 525.

603 1041 716 1098 τοῦ
762 1035 927 1117 πρὸς
973 1035 1030 1099 δ’
1077 1036 1330 1119 ἐφάνθη
1382 1060 1497 1112 —,·
1544 1037 1692 1100 Eur.
1742 1035 1955 1121 Suppln
2004 1040 2150 1101 544.
2196 1039 2254 1101 τί
2290 1039 2382 1122 μὴ
2432 1041 2710 1122 γένηται,-

790 1127 976 1188 1277.
1024 1124 1266 1188 ἁδονὰν
1309 1126 1660 1210 μεθέσθαι]
1727 1125 1819 1189 So
1886 1127 2048 1190 that
2109 1127 2140 1190 I
2206 1128 2479 1190 should
2545 1129 2649 1191 let
2692 1148 2783 1211 go
2841 1129 3062 1210 (lose)

607 1214 731 1279 the
777 1214 1137 1298 pleasure
1183 1220 1256 1277 to
1304 1214 1392 1278 be
1440 1214 1751 1279 derived
1801 1213 2230 1280 therefrom.

792 1304 976 1366 1280.
1023 1305 1081 1365 τί
1118 1303 1311 1388 μήν;]
1380 1301 1708 1379 Quidni?
1787 1303 1877 1368 Cf.
1924 1304 2003 1367 ad
2050 1307 2148 1388 Aj.
2198 1305 2343 1368 668.
2401 1307 2629 1371 Aesch.
2679 1306 2862 1370 Eum.
2917 1308 3059 1370 197.

608 1394 846 1475 ἔχρησα
894 1391 1119 1463 ποινὰς
1163 1398 1274 1456 τοῦ
1320 1392 1560 1475 πατρὸς
1605 1394 1857 1476 πέμψαι
1903 1395 2271 1477 (πρᾶξαιΡ)·
2317 1396 2377 1459 τί
2413 1397 2579 1479 μήν,·
2625 1397 2744 1477 Ag.
2780 1396 2927 1460 674.
2960 1396 3058 1459 λέ-

608 1505 787 1564 γουσι
835 1481 894 1545 δ’
940 1484 1111 1565 ἡμᾶς
1157 1482 1250 1552 ὡς
1295 1481 1639 1553 ὀλωλότας·
1686 1484 1745 1544 τί
1783 1484 1945 1567 μήν,-

792 1572 977 1635 1282.
1025 1573 1214 1653 ἔσχον
1260 1569 1482 1657 ὀργὰν]
1531 1570 1620 1635 Cf.
1674 1572 1860 1635 1011.
1907 1573 2215 1656 κατάσχες
2261 1574 2477 1658 ὀργήν.

789 1662 979 1724 1283.
1026 1660 1331 1744 ἄναυδον]
1390 1660 1483 1725 Cf.
1536 1661 1756 1724 Aaech.
1789 1665 1907 1744 Ag.
1941 1663 2087 1724 238.
2143 1663 2418 1744 χαλινῶν
2461 1666 2512 1726 τ’
2559 1663 2823 1746 ἀναύδῳ
2868 1665 3060 1745 μένει.

789 1749 977 1812 1286.
1023 1749 1369 1833 πρόσοψιν]
1418 1748 1505 1813 Of.
1554 1751 1652 1832 Aj.
1704 1750 1805 1813 70.
1851 1750 1970 1833 σὴν
2014 1752 2335 1834 πρόσοψιν
2381 1753 2640 1816 εἰσιδεῖν.

790 1840 976 1903 1288.
1025 1838 1113 1901 Of.
1162 1837 1231 1901 Ο.
1264 1838 1335 1903 R.
1390 1840 1577 1902 1487.
1623 1838 1696 1902 τὰ
1744 1838 1930 1903 λοιπὰ
1975 1846 2087 1904 τοῦ
2133 1847 2366 1923 πικροῦ
2411 1843 2572 1924 βίου.

789 1929 978 1992 1291.
1026 1927 1257 2013 ἀντλεῖ]
1324 1928 1716 1992 Exhaurit.
1797 1927 1885 1992 Cf.
1942 1929 2283 1994 Eur.'Tro.
2341 1932 2488 1993 433.
2555 1930 2688 1994 δέκ’
2753 1931 3060 2014 ἀντλήσας

606 2019 727 2101 ἔτη.
776 2018 965 2101 Hipp.
1000 2019 1146 2081 898.
1193 2016 1437 2100 λυπρὸν
1483 2017 1766 2100 ἀντλήσει
1809 2019 1967 2101 βίον.
2014 2018 2241 2082 Aesch.
2289 2018 2438 2083 Cho.
2477 2021 2619 2083 748.
2668 2021 2876 2084 Prom.
2912 2022 3058 2084 375.

696 2107 894 2190 ἐκχεῖ]
943 2105 1314 2170 Effundit.
1365 2105 1452 2169 Cf.
1499 2105 1598 2170 Fr.
1633 2107 1781 2188 668,
1818 2109 1874 2170 3.
1920 2107 2161 2191 πολλὴν
2207 2109 2500 2190 γλῶσσαν
2547 2110 2783 2192 ἐκχέας.
2832 2111 3057 2175 Aaecb.

608 2195 779 2260 Pers.
829 2197 974 2259 826.
1021 2196 1191 2279 μηδέ
1234 2220 1321 2266 τις
1369 2233 1453 2241 -
1502 2197 1697 2279 ὄλβον
1743 2196 1930 2280 ἐκχέῃ
1977 2199 2196 2279 μέγαν.

791 2286 978 2348 1293.
1025 2293 1118 2367 τῷ
1160 2285 1423 2366 παρόντι
1469 2291 1584 2348 νῦν
1627 2285 1876 2371 χρόνῳ]
1928 2285 2017 2350 Cf.
2051 2286 2201 2350 Eur.
2234 2288 2375 2351 Hel.
2413 2289 2598 2352 1650.
2636 2288 2746 2352 τὸν
2775 2289 3056 2371 παρόντα

606 2379 721 2438 νῦν
765 2373 1016 2457 χρόνον.
1062 2374 1196 2437 Ion.
1250 2375 1436 2437 1349.
1484 2375 1570 2445 εἰς
1613 2374 1722 2438 τὸν
1769 2376 1918 2439 ὄντα
1964 2381 2079 2439 νῦν
2122 2376 2375 2459 χρόνον.

794 2463 977 2526 1296.
1026 2464 1195 2526 οὕτω
1244 2463 1301 2525 δ’
1349 2463 1530 2535 ὅπως
1563 2463 1679 2549 -]
1730 2463 1821 2528 Cf.
1870 2466 2064 2528 Arist.
2102 2465 2259 2529 Ran.
2294 2467 2439 2529 905.
2487 2466 2621 2529 ἀλλ’
2669 2466 2763 2537 ὥς
2807 2467 3057 2549 τάχιστα

605 2553 728 2636 χρὴ
793 2553 1015 2634 λέγειν·
1081 2553 1251 2616 οὕτω
1308 2553 1366 2615 δ’
1413 2553 1595 2624 ὅπως
1658 2554 1890 2636 ἐρεῖτον
1931 2553 1939 2636 Ι
1989 2555 2195 2618 ἀστεῖα
2253 2561 2368 2619 etc.
2436 2555 2591 2620 th.
2643 2557 2788 2618 931.
2853 2563 2918 2619 et
2979 2555 3061 2619 ad

607 2647 753 2707 Ant.
803 2643 948 2706 220.
998 2640 1068 2706 O.
1103 2642 1168 2707 C.
1223 2643 1409 2706 1279.
1555 2643 1992 2729 ἐπιγνώσεται]
2041 2643 2131 2707 Cf.
2180 2646 2276 2727 Aj.
2332 2646 2428 2709 18.
2478 2648 2624 2709 Ant.
2660 2646 2805 2709 961.
2854 2643 3060 2709 Schol.

606 2732 763 2796 Ran.
815 2734 957 2795 545.
1006 2732 1099 2802 ὡς
1143 2738 1332 2795 ταῦτα
1380 2738 1491 2795 τοῦ
1541 2732 1824 2797 Ξανθίου
1870 2740 2205 2805 ποιοῦντος
2237 2771 2318 2780 —-
2352 2734 2458 2797 καὶ
2506 2734 2607 2798 διὰ
2655 2741 2840 2799 τοῦτο
2886 2736 3056 2817 ἐπιγ-

604 2822 823 2892 νόντος
868 2824 948 2884 ἂν
992 2821 1165 2884 αὐτά.

789 2912 974 2974 1297.
1022 2911 1281 2994 φαιδρῷ
1329 2911 1700 2996 προσώπῳ]
1751 2911 1839 2976 Cf.
1895 2913 2079 2976 1310.
2128 2912 2279 2976 Eur.
2327 2911 2430 2976 Or.
2480 2913 2626 2976 891.
2673 2913 2744 2977 τὸ
2792 2913 2851 2977 δ’
2899 2912 3057 2996 ὄμμ’

607 3000 702 3064 ἀεὶ
742 3001 751 3082 Ι
792 3000 1177 3082 φαιδρωπὸν
1224 3000 1437 3063 ἐδίδου
1485 3007 1674 3064 τοῖσιν
1723 3002 2032 3083 Αἰγίσθου
2073 3002 2291 3085 φίλοις.
2342 3003 2533 3066 Arist.
2566 3003 2681 3085 Eq.
2716 3003 2862 3066 550.
2908 3026 3056 3085 φαι-

608 3089 763 3172 δρὸς
818 3090 1125 3172 λάμποντι
1177 3091 1530 3172 προσώπῳ.
1589 3090 1735 3155 Pac.
1787 3092 1932 3152 774.
1979 3091 2273 3174 λαμπρὸν
2326 3090 2396 3154 τὸ
2440 3093 2741 3174 μέτωπον
2786 3094 3058 3175 ἔχοντος.

607 3177 862 3243 Theoor.
912 3177 1062 3242 XX.
1113 3181 1213 3241 24.
1293 3178 1524 3243 Contra
1571 3180 1795 3243 Aesch.
1844 3181 1962 3263 Ag.
2011 3180 2155 3244 639.
2213 3189 2461 3264 στυγνῷ
2504 3182 2858 3264 προσώπῳ.
2906 3181 3057 3245 Eur.

605 3268 744 3332 Alo.
796 3268 940 3332 780.

789 3358 977 3420 1301.
1028 3355 1148 3421 ὧδ’
1196 3358 1378 3429 ὅπως
1422 3358 1531 3421 καὶ
1578 3358 1676 3421 σοὶ
1722 3357 1930 3442 φίλον]
1980 3357 2073 3421 Cf.
2107 3360 2204 3442 Aj.
2240 3361 2384 3421 525.
2432 3361 2594 3442 ἔχειν
2640 3362 2694 3423 σ’
2737 3362 2816 3423 ἂν
2848 3359 3059 3424 οἶκτον

606 3448 700 3517 ὡς
744 3447 928 3529 κάγὼ
976 3447 1158 3530 φρενὶ
1199 3448 1208 3530 Ι
1248 3447 1496 3530 θέλοιμ’
1544 3448 1638 3510 ἄν.
1702 3448 1800 3510 Tr.
1852 3448 1997 3510 330.
2064 3449 2270 3518 οὕτως
2335 3449 2515 3519 ὅπως
2578 3449 2814 3530 ἄριστα.
2871 3450 3057 3513 Hom.

789 3627 976 3689 1306.
1026 3625 1115 3689 Cf.
1165 3624 1235 3689 Ο.
1267 3626 1340 3690 R.
1390 3628 1535 3689 217.
1591 3632 1667 3709 τῇ
1721 3626 1896 3708 νόσῳ
1942 3624 2010 3690 θ’
2057 3628 2400 3708 ὑπηρετεῖν.
2459 3626 2528 3690 Ο.
2562 3625 2625 3689 C.
2676 3629 2821 3691 283.
2870 3628 3057 3692 Alex.

606 3734 765 3779 com.
797 3713 912 3777 III.
946 3716 1092 3778 453.
1142 3716 1200 3778 εἰ
1237 3715 1328 3797 μὴ
1378 3715 1499 3797 γὰρ
1532 3751 1616 3760 -—
1649 3717 1746 3779 ὢν
1791 3715 2144 3798 ἄνθρωπος
2190 3717 2545 3798 ἀνθρώπου
2591 3718 2805 3800 τύχαις
2844 3717 2853 3801 Ι
2893 3718 3056 3801 ὗπη-

606 3805 880 3886 ρετήσω,
927 3810 1055 3867 ποῦ
1088 3805 1457 3887 φανήσομαι
1489 3810 1787 3887 φρονῶν,·
1922 3813 2014 3887 τῷ·
2042 3804 2305 3887 παρόντι
2339 3806 2620 3891 δαίμονι]
2655 3806 2743 3869 Of.
2777 3805 2875 3870 Fr.
2912 3808 3056 3869 561.

604 3893 695 3977 μὴ
745 3898 956 3975 σπεῖρε
1001 3893 1258 3963 πολλοῖς
1306 3893 1451 3976 (leg.
1498 3894 1590 3976 μὴ
1640 3897 1839 3977 σπεῖρ’
1888 3895 1952 3965 ές
1983 3895 2239 3974 ἄλλους)
2286 3894 2395 3957 τὸν
2439 3894 2722 3976 παρόντα
2766 3897 3057 3979 δαίμονα.

605 3981 700 4044 El.
752 3984 895 4045 719.
946 3982 1133 4046 1306.
1181 3981 1330 4045 Eur.
1363 3984 1500 4047 Ajo.
1537 3985 1681 4046 577.
1728 3990 1871 4055 πῶς
1919 3982 2034 4047 οὖν
2081 3986 2384 4066 ἔκρυπτες
2437 3983 2545 4047 τὸν
2589 3984 2874 4067 παρόντα
2924 3985 3057 4049 δαί-

656 4095 773 4136 ονα
823 4095 939 4147 —-‚·

603 4096 653 4155 μ
790 4162 976 4224 1307.
1023 4160 1515 4271 τάνθένδζῙΧ-Οἲ.
1565 4160 1634 4225 Ο.
1667 4162 1742 4226 R.
1797 4164 1981 4227 1267.
2050 4161 2217 4226 δεινὰ
2287 4162 2345 4226 δ’
2400 4162 2481 4245 ἦν
2543 4163 2835 4227 τάνθένδ’
2882 4165 3056 4247 ὁρᾶν.

604 4250 765 4313 Phil.
815 4252 962 4314 895.
1011 4252 1157 4315 834.
1203 4251 1555 4315 τάντευθεν.

788 4341 975 4404 1308.
1024 4341 1091 4403 ἔν
1137 4339 1366 4423 οἴκοις]
1433 4338 1550 4415 QU.
1599 4342 1727 4404 ἔσω
1780 4341 1939 4405 ’στίν.
2018 4340 2102 4405 Cf.
2152 4340 2222 4405 O.
2254 4340 2326 4405 R.
2378 4342 2523 4404 637.
2591 4343 2710 4405 οὔκ
2768 4341 2824 4406 εἶ
2873 4343 2951 4406 σύ
3003 4342 3056 4405 τ’

606 4430 823 4499 οἴκους
869 4429 1116 4509 (εἴσωΡ)
1171 4430 1248 4492 σύ
1295 4454 1383 4503 τε,
1448 4429 1680 4512 Κρέον,
1746 4430 1903 4493 κατὰ
1951 4432 2184 4512 στέγας.
2251 4432 2348 4514 Aj.
2398 4431 2501 4493 63.
2556 4432 2622 4501 ἐς
2679 4431 2921 4514 δόμους
2975 4436 3060 4513 (et

603 4538 758 4580 mox
803 4520 940 4580 κατ’
989 4520 1243 4600 οἴκους).
1301 4519 1396 4582 Tr.
1451 4519 1595 4582 156.
1642 4520 1888 4601 (ὁρμᾶτ’
1936 4520 2045 4583 ἀπ’
2094 4522 2292 4584 οἴκων
2350 4522 2434 4603 (et
2478 4540 2631 4584 mox
2678 4523 2748 4584 ἐν
2795 4521 3055 4604 δόμοις).
