3463 5287
676 432 804 497 308
1692 452 1945 498 onnn’ns
1991 453 2115 497 nux

850 614 998 676 407.
1044 613 1204 676 ’θεοῦ
1268 611 1512 694 μαντεῖ’
1576 612 1796 694 ἄριστα
1861 608 2119 694 λύομεν]
2186 612 2275 677 Cf.
2322 610 2473 674 Eur.
2519 611 2651 694 Iph.
2700 612 2777 675 A.
2831 612 3019 675 1268.
3068 615 3135 675 οἳ

670 701 780 773 τὰς
826 739 908 748 —
956 702 1325 782 παρθένους
1368 702 1658 765 κτενοῦσί
1696 724 1827 783 μου
1875 738 1958 747 -
2005 700 2274 783 θέσφατ’
2322 701 2380 764 εἰ
2426 700 2602 765 λύσω
2647 701 2822 771 θεᾶς.
2957 701 3125 786 τόδε]

672 789 761 854 Cf.
811 790 881 855 O.
916 788 979 853 C.
1031 791 1176 854 504.
1233 790 1341 854 τὸν
1394 790 1592 854 τόπον
1639 790 1697 853 δ’
1745 792 1844 853 ἵνα
1887 792 1897 874 Ι
1936 792 2197 873 χρήσται
2252 790 2322 872 μ’
2370 790 2675 873 ἐφευρεῖν,
2729 795 2915 854 τοῦτο
2968 791 3123 873 βού-

668 881 860 962 λομαι
904 881 1154 962 μαθεῖν.
1220 880 1316 943 Tr.
1365 882 1513 943 455.
1561 879 1744 950 ὅπως
1790 879 1860 944 δὲ
1916 880 2147 963 λήσεις,
2204 878 2356 944 οὐδὲ
2400 884 2584 942 τοῦτο
2632 881 2910 960 γίγνεται.
2978 882 3124 943 458.

668 969 740 1032 τὸ
794 968 886 1051 μὴ
943 970 1299 1043 πυθέσθαι,
1363 969 1548 1032 τοῦτό
1609 967 1681 1052 μ’
1738 969 2055 1050 ἀλγύνειεν
2109 969 2204 1032 ἄν.
2269 970 2417 1032 Ant„
2470 968 2613 1032 706.
2669 968 2762 1038 ὡς
2807 969 2951 1050 (ὃΡ)
2997 969 3126 1051 φὴς

670 1058 778 1132 σὺ,
844 1058 1079 1123 κούδὲν
1136 1058 1317 1131 ἄλλο,
1381 1058 1546 1122 τοῦτ’
1603 1058 1828 1140 ὀρθῶς
1881 1059 2060 1141 ἔχειν.
2126 1058 2240 1122 Ρ11.
2290 1058 2435 1121 912.
2503 1055 2573 1120 O.
2608 1054 2670 1119 C.
2722 1058 2866 1120 640.
2933 1059 3124 1121 Arist.

668 1146 835 1211 Nub.
889 1149 1075 1211 1262.
1138 1148 1198 1210 τί
1238 1147 1295 1211 δ’
1343 1148 1510 1218 ὅστις
1555 1147 1704 1230 εἰμὶ,
1769 1153 1953 1211 τοῦτο
2006 1145 2306 1230 βούλεσθ’
2361 1146 2604 1210 εἰδέναι.
2659 1146 2765 1209 Τ11.
2815 1148 2961 1209 570.
3016 1147 3125 1209 τὸν

668 1237 1071 1320 σησαμοῦνθ’
1128 1238 1203 1300 ὃν
1256 1237 1636 1319 κατέφαγες,
1700 1242 1924 1300 τοῦτον
1978 1242 2180 1318 χεσεῖν
2241 1238 2510 1319 ποιήσω.
2588 1236 2780 1299 Arist.
2831 1235 2927 1299 Fr.
2975 1237 3123 1299 418.

667 1326 874 1389 πόθεν
941 1326 1011 1390 δὲ
1075 1332 1465 1408 καταφαγεῖν
1527 1327 1688 1408 ἔχοι,
1754 1326 1979 1389 τούτου
2044 1326 2458 1408 κατημέληκε.
2536 1324 2768 1388 Herod.
2817 1324 2927 1387 VI.
2981 1326 3122 1389 133.

668 1417 731 1479 οῖ
777 1415 846 1479 δὲ
893 1416 1069 1485 ὅκως
1116 1414 1573 1497 διαφυλάξουσι
1602 1415 1715 1497 τὴν
1745 1415 1945 1487 πόλιν,
1991 1420 2175 1477 τοῦτο
2222 1415 2653 1497 ἐμηχανῶντο.
2702 1412 2846 1495 Lys.
2879 1412 3030 1477 XX.
3066 1416 3121 1477 9.

669 1506 911 1568 οὔκουν
977 1504 1212 1568 δίκαιοί
1271 1505 1421 1567 εἰσιν
1484 1501 1579 1568 ὦν
1641 1504 1792 1586 ὑμῖν
1856 1501 2025 1567 εὖνοι
2070 1502 2252 1586 ἦσαν,
2317 1504 2560 1566 τούτων
2626 1503 2808 1586 δίκην
2864 1503 3122 1567 διδόναι.

669 1594 848 1658 Paul.
897 1591 976 1656 ΙΙ.
1025 1593 1220 1677 Epist.
1255 1592 1536 1657 Corinth.
1575 1593 1675 1674 10,
1714 1594 1812 1655 18.
1861 1594 1939 1656 οὐ
1987 1592 2109 1674 γὰρ
2156 1593 2193 1655 6
2240 1591 2464 1656 ἑαυτὸν
2510 1597 2835 1666 συνιστῶν,
2882 1593 3121 1663 ἐκεῖνός

666 1684 791 1747 ἔστι
839 1683 1105 1765 δόκιμος
1149 1682 1275 1745 κτλ.
1343 1681 1413 1746 Ο.
1447 1682 1512 1746 Ο.
1564 1682 1708 1745 778.
1775 1682 1980 1765 πλήρη
2043 1681 2101 1744 δ’
2147 1683 2349 1764 ἔχοντι
2411 1681 2631 1763 θυμὸν
2694 1678 2790 1745 ὧν
2843 1682 3121 1765 χρῄζοις,

666 1772 827 1835 τότε
868 1771 876 1853 Ι
919 1770 1207 1853 δωροῒθ’.

845 1863 992 1929 408.
1041 1859 1134 1925 Of.
1183 1863 1329 1925 544.
1384 1860 1535 1924 Eur.
1583 1860 1798 1945 Suppl.
1849 1861 1993 1924 570.
2048 1859 2299 1942 κλύοιμ’
2355 1861 2458 1924 ἄν·
2516 1861 2595 1923 οὐ
2651 1861 2772 1942 γὰρ
2827 1859 2982 1924 ἀλλὰ
3031 1862 3130 1924 δεῖ

668 1951 890 2015 δοῦναι
933 1951 1146 2032 μέρος.

843 2058 991 2121 409.
1037 2058 1226 2135 τοῦδε
1274 2094 1354 2103 -
1403 2056 1655 2141 κρατῶ]
1726 2057 1823 2122 80.
1870 2063 1982 2121 τοῦ
2030 2059 2130 2120 ἴσα
2179 2057 2499 2131 ἀντιλέξαι.
2577 2056 2822 2139 Redde,
2886 2060 2999 2120 for
3051 2058 3130 2121 of

669 2148 819 2211 this
864 2147 1242 2230 privilege
1291 2147 1322 2209 Ι
1368 2167 1478 2209 am
1527 2155 1804 2211 master
1849 2145 1903 2229 (I
1949 2147 2136 2211 claim
2182 2166 2265 2209 an
2311 2146 2494 2229 equa!
2545 2146 2748 2229 right).

845 2237 993 2299 410.
1040 2259 1141 2299 σοι
1197 2237 1291 2310 ζῶ
1340 2236 1602 2320 δοῦλος]
1671 2235 1895 2318 Itaque
1958 2254 2090 2299 non
2153 2236 2476 2318 παρρησίᾳ
2543 2237 2635 2298 uti
2704 2237 2952 2299 vetitus.
3030 2233 3121 2298 Of.

667 2324 816 2389 Eur.
851 2324 983 2388 lon.
1019 2326 1165 2388 674.
1213 2325 1415 2406 στόμα
1459 2324 1467 2408 Ι
1510 2325 1743 2388 δοῦλον
1787 2326 2056 2389 πέπαται
2087 2325 2252 2388 κούκ
2299 2326 2423 2407 ἔχει
2460 2326 2836 2407 παρρησίαν.
2886 2324 3122 2389 Phoen.

669 2416 814 2477 392.
861 2413 995 2497 Iph.
1042 2417 1120 2477 A.
1170 2401 1271 2477 33.
1320 2413 1431 2483 σὸς
1479 2413 1549 2477 δὲ
1597 2413 1827 2484 δοῦλος
1873 2415 1993 2477 οὐκ
2040 2416 2218 2496 ἔφυν.

845 2522 992 2583 411.
1039 2521 1393 2631 προστάτου
1446 2520 1902 2605 ’πιγράψομαι]
1952 2521 2042 2585 Of.
2082 2521 2163 2584 ad
2199 2522 2293 2603 Aj.
2334 2522 2518 2584 1260.
2571 2522 2760 2585 Arist.
2796 2522 2938 2586 Pae.
2974 2524 3121 2585 684.

666 2611 843 2694 αὗτῳ
887 2609 1173 2693 πονηρὸν
1217 2610 1572 2693 προστάτην
1618 2610 2041 2693 ἐπεγράψατο.
2104 2611 2258 2674 Ach.
2312 2611 2499 2674 1095.
2547 2608 2715 2675 Xen.
2763 2609 2929 2677 Hell.
2978 2609 3121 2674 VII.

668 2702 724 2763 5.
774 2703 830 2764 2.
878 2701 1314 2783 ἐπεγράφοντο
1360 2700 1454 2770 ὡς
1507 2698 1796 2782 Θηβαῖοι.
1845 2701 2038 2765 Arist.
2087 2699 2231 2764 Pac.
2280 2701 2425 2763 684.

843 2808 989 2870 412.
1038 2806 1251 2890 ἐπειδὴ
1299 2807 1407 2871 καὶ
1441 2806 1558 2891 -]
1609 2806 1699 2871 Cf.
1752 2807 1913 2871 Phil.
1951 2808 2096 2871 380.
2143 2807 2252 2870 καὶ
2297 2805 2466 2871 ταῦτ’
2513 2808 2726 2891 ἐπειδὴ
2775 2808 2882 2871 καὶ
2926 2808 3122 2890 λέγεις

663 2898 1152 2978 θρασυστομῶν.
1228 2894 1376 2959 Eur.
1425 2895 1590 2959 Med.
1641 2898 1785 2959 526.
1853 2897 1981 2978 ἐγὼ
2050 2897 2125 2970 δ’,
2202 2897 2414 2980 ἐπειδη
2480 2897 2589 2960 καὶ
2656 2898 2791 2960 λίαν
2853 2904 3122 2980 πυργοῒς

664 2987 865 3070 χάριν,
912 2985 1038 3050 κτλ.
1204 2986 1442 3067 τυφλόν
1485 2984 1557 3067 μ’
1606 2985 1968 3070 ὠνείδισας]
2020 2985 2107 3049 Cf.
2159 2984 2228 3048 O.
2264 2985 2329 3049 C.
2384 2986 2569 3049 1002.
2617 2985 2848 3050 τοιαῦτ’
2897 2987 3118 3050 ὀνειδί-

664 3077 787 3149 ζεις
830 3100 912 3157 με
956 3073 1146 3139 τῶνδ’
1194 3075 1486 3138 ἐναντίον.
1535 3074 1692 3138 Plat.
1744 3074 1931 3159 Gorg.
1980 3075 2059 3138 ad
2090 3074 2195 3137 fin.
2246 3077 2309 3138 εἴ
2341 3100 2429 3146 τις
2472 3099 2564 3157 τῳ
2612 3076 2892 3149 ὀνειδίζει
2937 3077 3118 3159 φιλο-

662 3164 881 3248 κερδεῖ
917 3163 1086 3228 εἶναι.

840 3273 988 3335 413.
1037 3271 1114 3335 σὺ
1180 3271 1286 3334 καὶ
1353 3271 1683 3353 δεδορκὼς
1748 3272 1826 3335 οὗ
1889 3273 2251 3355 βλέπεις-
2268 3271 2287 3356 ]
2355 3272 2444 3336 Of.
2493 3273 2590 3355 Aj.
2640 3274 2741 3336 85.
2790 3273 2918 3354 ἐγὼ
2965 3296 3114 3337 σκο-

663 3364 851 3425 τώσω
897 3362 1187 3444 βλέφαρα
1235 3361 1342 3425 καὶ
1390 3362 1761 3442 δεδορκότα.
1811 3360 1908 3424 Fr.
1945 3363 2090 3424 663.
2138 3360 2270 3424 ἀλλ’
2319 3361 2458 3424 οὐδ’
2506 3361 2779 3443 δρῶντες
2824 3364 3147 3446 εἰσορῶσι.

661 3452 979 3533 τάμφανῆ.
1029 3451 1257 3515 Aesch.
1306 3455 1424 3533 Ag.
1466 3452 1651 3512 1623.
1700 3451 1820 3532 οὐχ
1867 3451 2024 3532 ὁρᾷς
2071 3451 2248 3532 ὁρῶν
2293 3451 2457 3513 τάδε.
2523 3450 2674 3515 Eur.
2708 3450 2936 3516 Bacch.
2971 3454 3113 3516 332.

662 3546 776 3602 νῦν
822 3539 943 3621 γὰρ
988 3541 1153 3604 πέτει
1199 3563 1263 3603 τε
1308 3540 1414 3603 καὶ
1462 3545 1727 3621 φρονῶν
1776 3540 1965 3603 οὐδὲν
2011 3546 2282 3621 φρονεῖς.
2332 3539 2599 3604 Monost.
2634 3543 2779 3604 433.
2828 3541 2865 3604 6
2912 3564 3114 3623 γραμ-

660 3630 883 3710 μάτων
956 3629 1216 3710 ἄπειρος
1285 3630 1363 3692 οὗ
1426 3629 1636 3710 βλέπει
1700 3629 1973 3711 βλέπων.
2023 3632 2160 3692 Act.
2212 3632 2428 3712 Apost.
2479 3631 2581 3711 28,
2630 3632 2729 3692 27.
2785 3630 3117 3712 βλέποντες

660 3718 923 3800 βλέψετε
967 3719 1075 3781 καὶ
1121 3719 1199 3781 οὗ
1245 3719 1335 3801 μὴ
1386 3719 1569 3801 ἴδητε.
1717 3719 1796 3781 οὗ
1841 3719 2089 3801 βλέπεις
2135 3717 2212 3781 ἵν’
2261 3718 2317 3782 εἴ
2356 3717 2597 3803 κακοῦ]
2647 3716 2733 3781 Cf.
2780 3719 2875 3781 Tr.
2929 3720 3114 3781 1145.

659 3807 1036 3960 φρονιίἶὲὃδιὴ
1096 3810 1437 3890 ξυμφορᾶς
1503 3808 1579 3870 ἵν’
1645 3809 1926 3889 ἕσταμεν.
2002 3808 2096 3870 ΕΙ.
2148 3809 2292 3870 936.
2358 3809 2435 3870 ἵν’
2501 3806 2663 3890 ἦμεν
2735 3808 2901 3891 ἄτης.
2968 3808 3113 3872 Eur.

694 3915 793 3959 On.
1019 3944 1032 3958 .

840 4004 986 4066 414.
1035 4003 1226 4087 ὅτων]
1276 4003 1384 4067 Sic
1430 4005 1620 4068 ὅτοισι
1668 4005 1860 4067 Arist.
1912 4003 2025 4086 Eq.
2077 4005 2219 4066 755.
2268 4003 2491 4087 Eupol.
2542 4002 2622 4067 II.
2671 4006 2817 4067 484.

839 4092 987 4155 417.
1034 4093 1368 4175 ἀμφιπλὴξ
1416 4130 1498 4139 —
1547 4092 1705 4177 ἀρὰ]
1774 4093 1861 4155 Cf.
1916 4093 2011 4156 Tr.
2071 4094 2216 4155 930.
2282 4093 2638 4176 ἀμφιπλῆγι
2702 4095 3030 4176 φασγάνῳ.

748 4180 990 4265 μητρὸς
1037 4219 1119 4228 -
1169 4182 1327 4266 ἀρὰ]
1395 4181 1482 4245 Cf.
1531 4183 1760 4247 Aesch.
1810 4183 1975 4265 Sept.
2028 4183 2126 4245 70.
2183 4183 2337 4263 Ἆρά
2392 4186 2441 4245 τ’
2490 4182 2737 4264 Ἐρινὺς
2790 4183 3028 4264 πατρὸς
3074 4184 3112 4265 ἡ

660 4272 1075 4354 μεγασθενής.
1141 4275 1289 4335 Ant.
1345 4273 1529 4335 1075.
1597 4271 1748 4335 Eur.
1800 4271 1961 4335 Med.
2018 4272 2203 4335 1386.
2269 4272 2424 4335 ἀλλά
2481 4272 2538 4335 σ’
2586 4271 2832 4353 Ἐρινὺς
2887 4272 3117 4337 ὀλέσειε

661 4362 902 4423 τέκνων
942 4360 951 4441 Ι
992 4362 1182 4442 φονία
1229 4385 1293 4424 τε
1325 4360 1499 4444 Δίκη.
1548 4360 1734 4425 Hom.
1770 4359 1884 4424 Od.
1920 4363 1977 4443 2,
2016 4363 2156 4424 135.
2198 4363 2297 4443 11,
2329 4362 2475 4424 280.
2519 4363 2618 4443 17,
2651 4363 2797 4424 475.
2833 4362 2935 4444 21,
2966 4364 3114 4424 412.

747 4449 989 4531 μητρός
1051 4474 1115 4512 τε
1177 4450 1286 4513 καὶ
1339 4456 1450 4513 τοῦ
1506 4455 1623 4513 σοῦ
1678 4449 1949 4533 πατρὸς]
2017 4450 2324 4514 Similiter
2370 4458 2518 4513 Ant.
2570 4452 2714 4513 257.
2773 4457 2997 4533 σημεῖα
3056 4450 3114 4514 δ’

661 4539 804 4601 οὔτε
849 4538 1055 4621 θηρὸς
1103 4540 1246 4602 οὔτε
1292 4545 1401 4602 τοῦ
1447 4544 1665 4602 κυνῶν
1701 4539 1828 4602 κτλ.
