3463 5287
1425 430 1723 477 annom-11³2
2712 412 2798 475 43

521 592 625 654 83.
670 591 763 674 μή
827 614 958 673 μου
1030 590 1404 676 προτάρβει]
1490 590 1580 655 Of.
1633 589 1731 656 Tr.
1790 592 1893 656 88.
1965 590 2206 674 πατρὸς
2263 627 2345 637 -
2401 592 2799 676 προταρβεῖν.

339 679 490 744 Eur.
538 678 727 745 Here.
778 681 923 744 968.
998 679 1181 744 Alibi
1247 679 1564 765 significat
1617 682 2086 765 praesagire,
2141 680 2416 765 Anglioe
2472 684 2546 746 to
2600 680 2799 745 fore-

340 769 533 834 bode
581 769 832 851 (Aesch.
880 769 1047 854 Sept.
1081 771 1229 835 332.
1268 770 1528 854 βαρείας
1556 794 1650 835 τοι
1678 771 1872 854 τύχας
1901 771 2268 853 προταρβῶ.
2316 768 2532 854 Suppl.
2569 770 2798 851 1045.).

521 859 624 923 84.
673 858 807 923 ἀλλ’
854 857 971 924 οὖν
1001 897 1087 906 -
1120 859 1221 944 γε]
1271 858 1357 924 Cf.
1393 861 1490 942 Aj.
1515 860 1660 924 535.
1692 859 1807 924 Ph.
1837 861 2025 925 1305.
2071 859 2165 924 El.
2196 860 2383 925 1035.
2433 860 2662 924 Aesch.
2695 858 2798 924 Pr.

348 949 538 1012 1058.
587 948 720 1012 ἀλλ’
769 946 886 1014 οὖν
929 950 1109 1032 ὑμεῖς
1154 947 1213 1031 γ’
1247 987 1357 1012 —.
1404 948 1556 1013 Eur.
1590 948 1764 1033 Cycl.
1798 950 1944 1014 653.
1992 949 2125 1013 ἀλλ’
2164 947 2279 1014 οὖν
2325 949 2693 1033 ἔπεγκέλωὲ
2722 947 2798 1032 γ’.

350 1062 855 1210 175ῗῖἕὲξὲ
879 1038 1317 1211 ...ῑόέῖῗόἕὲὲ
1337 1038 1802 1194 Οὲ.ἷέῗ“·2ῗὲῗ·
1815 1038 2355 1213 ..29άὲἔέξέἤέ
2380 1039 2603 1212 ῥῖξὲἕ..
2633 1037 2798 1191 (ἐγὲῑ

342 1216 597 1300 πάθητε
639 1216 860 1302 μηδὲν.
916 1216 1074 1283 HOC.
1107 1218 1254 1281 859.
1301 1218 1661 1301 συνδράσῃς
1709 1217 1779 1282 δὲ
1822 1219 1934 1302 μή.
1980 1217 2114 1301 Iph.
2165 1220 2239 1283 A.
2289 1219 2436 1281 631.
2492 1218 2800 1301 ὀργισθῇς

342 1306 414 1370 δὲ
457 1307 572 1389 μή.
621 1305 783 1370 Med.
831 1309 978 1373 822.
1024 1307 1209 1391 λέξῃς
1254 1308 1366 1389 (ita
1404 1306 1625 1372 Elmsl.
1671 1308 1866 1382 λέξεις
1910 1307 2103 1391 vulg.)
2151 1308 2222 1372 δὲ
2266 1306 2471 1391 μηδὲν
2504 1344 2613 1369 —.
2659 1307 2798 1393 Iph.

337 1396 402 1459 Τ.
456 1396 646 1460 1220.
691 1396 1036 1481 θαυμάσῃς
1079 1396 1301 1481 μηδὲν.
1364 1397 1500 1461 Tro,
1550 1398 1696 1461 458.
1768 1398 2094 1480 δακρύσῃς
2136 1396 2358 1482 μηδέν.
2414 1397 2603 1461 Hero.
2652 1397 2798 1461 278.

341 1485 595 1568 πάθητε
637 1485 858 1569 μηδέν.
934 1486 1240 1551 Similiter
1283 1486 1446 1550 Phil.
1496 1487 1598 1550 67.
1645 1488 1703 1551 εἰ
1746 1486 1802 1550 δ’
1849 1487 2095 1569 ἐργάσει
2133 1492 2144 1571 Ι
2182 1486 2275 1570 μὴ
2322 1491 2513 1550 ταῦτα
2562 1524 2672 1550 -—-.

522 1576 626 1637 85.
673 1574 926 1660 κρυφῆ]
990 1575 1252 1659 Legitur
1315 1577 1502 1642 etiam
1571 1577 1717 1641 291.
1779 1576 1967 1641 1254.
2029 1575 2183 1640 Eur.
2228 1576 2366 1640 Tro.
2417 1575 2563 1640 689.
2627 1573 2798 1640 Xen.

342 1662 517 1746 Sym.
566 1662 644 1726 V.
692 1666 751 1729 8.
813 1683 1135 1748 nusquam
1200 1664 1353 1730 alibi
1415 1666 1486 1730 in
1546 1665 1909 1749 Tragoedia.
2089 1664 2205 1729 σὺν
2261 1664 2331 1731 δὲ
2377 1666 2587 1736 αὔτως
2633 1664 2796 1751 ἐγώ]

344 1752 433 1817 Cf.
482 1754 582 1836 Aj.
635 1754 823 1818 1288.
889 1753 989 1818 ὅδ’
1036 1752 1115 1839 ἦν
1162 1755 1199 1819 ὁ
1244 1754 1572 1838 πράσσων,
1637 1754 1755 1820 σὺν
1802 1755 1859 1820 δ’
1907 1755 2054 1838 ἐγώ.
2121 1755 2268 1818 957.
2334 1754 2510 1838 γελᾷ,
2576 1754 2691 1829 ξύν
2734 1778 2798 1819 τε

340 1842 621 1925 βασιλῆς.
671 1843 816 1907 615.
865 1842 936 1908 Ο.
970 1843 1036 1908 C.
1087 1846 1185 1909 55.
1251 1844 1403 1909 Eur.
1449 1844 1584 1909 Tro.
1634 1846 1781 1909 207.
1847 1847 1965 1928 Ag.
2020 1845 2206 1908 1644.
2272 1843 2428 1908 ἀλλὰ
2476 1843 2593 1909 σὺν
2639 1843 2795 1929 γυνὴ

344 1969 425 1977 -
459 1932 696 1996 ἔκτειν’.
831 1932 1071 2018 αὔτως]
1122 1934 1210 1997 Of.
1248 1935 1392 1998 715.
1442 1932 1604 1997 Ο.Β.
1640 1936 1786 1998 931.
1817 1933 1954 1999 Tro.
1994 1934 2181 1998 1038.
2228 1936 2325 2017 Aj.
2379 1934 2565 1998 1179.

522 2022 625 2084 86.
672 2021 908 2087 πολλὸν
953 2023 1215 2108 ἐχθίων]
1282 2022 1373 2087 Cf.
1419 2022 1654 2088 Herod.
1701 2022 1819 2088 IX.
1870 2024 1971 2088 60.
2036 2024 2208 2088 ἐοῦσι
2261 2022 2499 2088 πολλὸν
2542 2023 2796 2104 προθυ-

340 2111 682 2193 μοτάτοισι.
747 2110 1004 2177 Πολλὸν
1036 2117 1219 2177 vetus
1249 2112 1466 2178 Ionica
1496 2113 1701 2178 forma
1730 2118 1842 2178 est
1907 2112 2334 2177 Masoulinum
2370 2117 2465 2178 est
2484 2111 2584 2178 Tr.
2609 2113 2797 2176 1196.

523 2202 625 2263 88.
674 2201 928 2284 θερμὴν
970 2202 1073 2266 ἐπὶ
1115 2208 1417 2285 ψυχροῖσι
1463 2203 1581 2288 -]
1649 2201 1740 2267 Cf.
1787 2202 2017 2267 Jambl.
2067 2201 2142 2266 V.
2190 2202 2378 2285 Pyth.
2429 2204 2530 2266 23.
2576 2202 2795 2285 μαθη-

340 2290 668 2360 τεύσαντες
712 2298 805 2372 τῷ
849 2289 1216 2374 Πυθαγόρᾳ
1262 2293 1579 2377 πρεσβύτῃ
1627 2293 1773 2356 νέοι.
1820 2289 1974 2356 Hor.
2024 2289 2138 2355 Od.
2183 2290 2265 2356 H.
2318 2292 2417 2355 18.
2470 2291 2569 2355 10.
2617 2293 2796 2375 ‘pau-

342 2397 690 2464 peremque
737 2379 914 2445 dives
955 2380 965 2463 Ι
1006 2400 1107 2447 me
1139 2381 1333 2466 petit!
1466 2380 1720 2465 θερμὴν
1755 2419 1836 2428 —
1869 2379 2163 2465 καρδίαν]
2212 2381 2303 2446 cf.
2335 2380 2486 2444 Eur.
2518 2379 2614 2444 El.
2648 2381 2796 2444 402.

339 2477 511 2552 χαρᾷ
557 2468 1083 2554 θερμαινόμεσθα
1130 2471 1416 2553 καρδίαν.
1461 2472 1691 2537 Aesoh.
1726 2471 1877 2536 Cho.
1910 2472 2057 2535 271.
2106 2471 2556 2554 δυσχειμέρους
2597 2471 2606 2553 Ι
2645 2471 2798 2541 ἄτας

338 2558 451 2640 ὕφ’
498 2556 677 2642 ἧπαρ
722 2558 972 2642 θερμὸν
1017 2560 1480 2645 ἐξαυδώμενος.
1532 2562 1720 2626 1003.
1770 2559 1936 2646 Sept.
1973 2561 2117 2624 599.
2164 2560 2445 2624 ναύταισι
2482 2560 2795 2643 θερμοῖσι.

336 2647 521 2712 Eum.
575 2649 719 2712 563.
786 2650 936 2732 γελᾷ
1001 2650 1060 2714 δ’
1124 2651 1162 2714 ὁ
1229 2650 1480 2734 δαίμων
1543 2650 1640 2714 ἐπ’
1707 2650 1892 2733 ἀνδρὶ
1954 2651 2202 2734 θερμῷ.
2260 2651 2455 2714 Arist.
2505 2650 2598 2714 Pl.
2646 2651 2793 2714 415.

336 2737 587 2820 θερμὸν
632 2739 836 2820 ἔργον.
885 2739 1055 2804 Pers.
1102 2739 1181 2803 V.
1234 2742 1377 2805 144.
1450 2739 1681 2805 ‘calido
1747 2741 1865 2805 sub
1912 2746 2163 2826 pectore
2211 2739 2356 2805 bilis
2395 2740 2406 2822 Ι
2446 2739 2794 2804 intumuit.'

422 2827 529 2891 ἐπὶ
573 2827 906 2913 ψυχροῖσι]
973 2828 1062 2894 Cf.
1110 2828 1275 2894 Plut.
1323 2828 1567 2896 Lucull.
1616 2831 1720 2894 23.
1777 2830 1877 2894 ἐπὶ
1921 2836 2199 2914 ψυχραῖς
2252 2830 2486 2894 ἐλπίσιν
2541 2830 2795 2913 ἄρχεται

334 2917 645 3000 πολέμου.
1464 2992 1468 2995 Α

518 3007 619 3070 90.
667 3006 1023 3091 ἀμηχάνων
1077 3007 1258 3093 ἐρᾷς]
1326 3007 1414 3072 Cf.
1463 3009 1565 3072 92.
1611 3008 1711 3073 Fr.
1765 3010 1953 3093 1076,
2001 3011 2058 3072 2.
2122 3014 2251 3072 τῶν
2315 3009 2670 3093 ἀμηχάνων
2735 3007 2793 3072 δ’

332 3097 503 3178 ἔρως
538 3095 554 3176 J
594 3096 870 3168 πολλοὺς
916 3098 1114 3181 ἔθηκε
1158 3104 1270 3162 τοῦ
1309 3099 1625 3181 παρόντος
1671 3099 2040 3182 ἀμπλακεῖν.
2089 3098 2318 3163 Aesch.
2365 3099 2467 3163 Pr.
2520 3099 2620 3161 59.
2670 3097 2791 3162 δει-

334 3186 445 3257 νὸς
493 3184 617 3269 γὰρ
664 3186 865 3270 εὑρεῖν
909 3187 1037 3261 κάξ
1081 3186 1434 3272 ἀμηχάνων
1469 3189 1731 3271 πόρους.
1814 3187 1959 3253 Τῶν
1990 3189 2323 3253 ἀδυνάτων
2356 3189 2510 3271 ἐρᾶν
2555 3188 2793 3253 locutio

334 3274 750 3359 proverbialis
793 3281 944 3342 erat.

517 3365 620 3429 91.
666 3365 1107 3451 πεπαύσομαι]
1176 3366 1267 3432 Cf.
1321 3366 1539 3433 Trach.
1600 3368 1745 3431 587.
1811 3370 1876 3432 εἴ
1925 3392 1981 3431 τι
2040 3367 2132 3451 μὴ
2202 3367 2384 3432 δοκῶ
2432 3368 2443 3451 Ι
2490 3368 2795 3451 πράσσειν

330 3454 630 3536 μάταιον·
678 3455 737 3518 εί
778 3453 847 3519 δὲ
890 3456 1014 3539 μὴ,
1060 3456 1482 3541 πεπαύσομαι.
1532 3456 1644 3522 Ρ11.
1698 3458 1885 3521 1280.

513 3545 616 3606 92.
665 3543 893 3629 ἀρχὴν]
944 3544 1213 3629 Gallice,
1261 3545 1321 3609 d'
1367 3546 1617 3611 abord.
1685 3546 1774 3611 Cf.
1808 3546 1970 3610 Phil.
2010 3547 2196 3611 1239.
2230 3545 2324 3609 El.
2360 3548 2506 3610 439.
2554 3544 2791 3611 Herod.

330 3631 380 3696 I.
414 3634 471 3696 9.
511 3633 657 3696 193.
689 3631 800 3696 IV.
835 3636 937 3697 25.
983 3640 1168 3699 τοῦτο
1210 3635 1280 3700 δὲ
1327 3637 1448 3700 οὐκ
1482 3636 1820 3719 ἐνδέκομαι
1863 3636 1977 3720 τὴν
2006 3635 2223 3719 ((1011))
2269 3635 2489 3719 ἀρχήν.
2537 3635 2614 3699 V.
2651 3636 2792 3698 106.

330 3722 537 3805 ἀρχὴν
602 3723 807 3806 ἔγωγε
873 3723 1026 3789 οὐδὲ
1081 3724 1425 3808 ἐνδέκομαι
1487 3724 1595 3790 τὸν
1651 3725 1844 3808 λόγον
1908 3725 2084 3796 ὅκως
2130 3732 2244 3790 etc.
2308 3725 2499 3789 Thuc.
2545 3723 2653 3787 VI.
2689 3726 2791 3788 56.

330 3810 499 3876 Xen.
533 3810 769 3876 000011.
800 3812 883 3877 Π.
921 3815 1020 3877 11.
1067 3813 1245 3879 VIII.
1280 3817 1337 3878 2.
1385 3815 1667 3897 λέγοντες
1706 3815 1860 3879 οὐδὲ
1891 3815 2247 3897 ἐπαγγεῖλαι
2279 3815 2384 3895 (se.
2417 3815 2634 3897 αὐτὴν)
2680 3813 2795 3897 τὴν

331 3900 555 3980 (dem)
602 3901 808 3985 ἀρχὴν
854 3902 956 3966 διὰ
998 3901 1069 3967 τὸ
1098 3904 1190 3987 μὴ
1224 3904 1405 3978 ἀξίαν
1437 3902 1606 3969 εἶναι.
1656 3903 1923 3988 SympJ.
1961 3906 2060 3968 15.
2094 3911 2207 3968 etc.
2240 3905 2432 3968 Arist.
2464 3903 2610 3987 Lys.
2644 3905 2792 3967 497.

333 3989 467 4053 ἀλλ’
515 3989 707 4054 οὐδὲν
754 3991 855 4056 δεῖ
901 3998 1161 4075 πρῶτον
1205 3993 1515 4077 πολεμεῖν.
1697 3995 1913 4078 θηρᾶν
1969 3995 2046 4058 οὗ
2101 3995 2325 4075 πρέπει
2372 3992 2490 4079 -]
2558 3992 2648 4057 Of.
2694 3991 2791 4057 El.

335 4081 525 4144 1054.
582 4079 823 4163 πολλῆς
894 4082 1113 4153 ἀνοίας
1173 4083 1282 4147 καὶ
1344 4082 1415 4147 τὸ
1480 4084 1813 4168 θηρᾶσθαι
1875 4085 2046 4147 κενά.
2122 4084 2270 4147 Eur.
2317 4082 2460 4150 Hel.
2509 4085 2655 4148 811.
2720 4083 2792 4148 τὸ

328 4169 573 4252 τολμᾶν
638 4167 697 4232 δ’
752 4171 1009 4235 ἀδύνατ’
1066 4171 1302 4255 ἀνδρὸς
1348 4173 1426 4237 οὐ
1474 4179 1701 4256 σοφοῦ.
1748 4171 2071 4238 Demosth.
2119 4194 2170 4238 0.
2221 4173 2484 4238 Androt.
2535 4175 2590 4236 5.
2639 4171 2791 4237 οὐδὲ

328 4260 598 4342 γράφειν
642 4257 755 4342 τὴν
800 4259 1026 4341 (del.?)
1073 4261 1277 4345 ἀρχὴν
1321 4264 1631 4346 προσήκει
1678 4262 1831 4327 οὐδὲ
1876 4265 1945 4327 ἓν
1993 4262 2221 4346 δήπου.

510 4349 615 4412 94.
663 4350 1050 4436 προσκείσει]
1098 4349 1188 4416 Cf.
1237 4351 1309 4416 Ο.
1340 4352 1413 4417 R.
1463 4354 1607 4416 232.
1655 4354 1694 4435 ἧ
1744 4353 1926 4436 χάρις
1968 4352 2416 4434 προσκείσεται.

514 4439 619 4501 95.
667 4435 801 4502 ἀλλ’
845 4440 918 4504 ἔα
963 4464 1048 4523 με
1079 4439 1198 4524 -]
1247 4441 1334 4506 Cf.
1370 4440 1441 4505 Ο.
1472 4442 1544 4508 R.
1582 4443 1772 4505 1451.
1819 4441 1952 4506 ἀλλ’
1999 4444 2071 4506 ἔα
2108 4465 2192 4524 με
2221 4443 2413 4506 ναίειν
2445 4442 2655 4522 ὄρεσιν
2689 4478 2789 4506 -—.

328 4528 521 4593 Arist.
570 4526 740 4592 Nub.
775 4529 922 4592 932.
967 4529 1138 4594 Εο01.
1176 4531 1320 4595 784.
1365 4530 1473 4596 Τ11.
1507 4532 1609 4596 64.
1743 4554 1828 4616 με
1871 4531 1979 4596 καὶ
2023 4531 2274 4617 τὴν-]
2324 4530 2413 4596 Of.
2463 4531 2788 4596 Ph.1378.
