<?xml version="1.0" encoding="UTF-8"?>
<!DOCTYPE html PUBLIC "-//W3C//DTD XHTML 1.0 Transitional//EN"
    "http://www.w3.org/TR/xhtml1/DTD/xhtml1-transitional.dtd">
<html xmlns="http://www.w3.org/1999/xhtml" xml:lang="en" lang="en">
 <head>
  <title>
</title>
<meta http-equiv="Content-Type" content="text/html;charset=utf-8" />
  <meta name='ocr-system' content='tesseract 3.04.00' />
  <meta name='ocr-capabilities' content='ocr_page ocr_carea ocr_par ocr_line ocrx_word'/>
</head>
<body>
  <div class='ocr_page' id='page_1' title='image "./spicilegiumsoph01blaygoog_0377.png"; bbox 0 0 3463 5287; ppageno 0'>
   <div class='ocr_carea' id='block_1_1' title="bbox 1344 426 2777 497">
    <p class='ocr_par' dir='ltr' id='par_1_1' title="bbox 1344 426 2777 497">
     <span class='ocr_line' id='line_1_1' title="bbox 1344 426 2777 497; baseline 0 -5"><span class='ocrx_word' id='word_1_1' title='bbox 1344 447 1596 494; x_wconf 63' lang='lat' dir='ltr'>omarus</span> <span class='ocrx_word' id='word_1_2' title='bbox 1639 449 1765 497; x_wconf 68' lang='lat' dir='ltr'><strong><em>nux</em></strong></span> <span class='ocrx_word' id='word_1_3' title='bbox 2649 426 2777 493; x_wconf 81' lang='lat'><strong><em>365</em></strong></span> 
     </span>
    </p>
   </div>
   <div class='ocr_carea' id='block_1_2' title="bbox 320 603 2814 1496">
    <p class='ocr_par' dir='ltr' id='par_1_2' title="bbox 320 603 2814 1496">
     <span class='ocr_line' id='line_1_2' title="bbox 320 603 2779 692; baseline 0 -22"><span class='ocrx_word' id='word_1_4' title='bbox 320 604 486 691; x_wconf 83' lang='grc' dir='ltr'><strong><em>πρὸς</em></strong></span> <span class='ocrx_word' id='word_1_5' title='bbox 531 607 590 671; x_wconf 90' lang='grc' dir='ltr'><strong><em>τί</em></strong></span> <span class='ocrx_word' id='word_1_6' title='bbox 631 605 689 671; x_wconf 92' lang='grc' dir='ltr'><strong><em>δ’</em></strong></span> <span class='ocrx_word' id='word_1_7' title='bbox 735 606 1028 689; x_wconf 78' lang='grc' dir='ltr'><strong><em>ἱστορεῖς,·</em></strong></span> <span class='ocrx_word' id='word_1_8' title='bbox 1073 603 1170 670; x_wconf 86' lang='grc' dir='ltr'><strong>ΕΙ.</strong></span> <span class='ocrx_word' id='word_1_9' title='bbox 1206 606 1396 670; x_wconf 93' lang='grc'><strong>1176.</strong></span> <span class='ocrx_word' id='word_1_10' title='bbox 1531 611 1716 672; x_wconf 84' lang='grc' dir='ltr'><strong><em>τοῦτο</em></strong></span> <span class='ocrx_word' id='word_1_11' title='bbox 1762 606 2029 692; x_wconf 86' lang='grc' dir='ltr'><strong><em>τοῦπος]</em></strong></span> <span class='ocrx_word' id='word_1_12' title='bbox 2076 607 2124 672; x_wconf 92' lang='grc' dir='ltr'><strong><em>Ι.</em></strong></span> <span class='ocrx_word' id='word_1_13' title='bbox 2165 627 2214 673; x_wconf 89' lang='lat' dir='ltr'><strong>e.</strong></span> <span class='ocrx_word' id='word_1_14' title='bbox 2253 607 2445 672; x_wconf 80' lang='lat' dir='ltr'><strong><em>hane</em></strong></span> <span class='ocrx_word' id='word_1_15' title='bbox 2494 624 2647 672; x_wconf 89' lang='lat' dir='ltr'><strong><em>rem</em></strong></span> <span class='ocrx_word' id='word_1_16' title='bbox 2692 606 2779 671; x_wconf 89' lang='lat' dir='ltr'><strong><em>de</em></strong></span> 
     </span>
     <span class='ocr_line' id='line_1_3' title="bbox 323 695 2778 780; baseline 0 -20"><span class='ocrx_word' id='word_1_17' title='bbox 323 716 470 780; x_wconf 79' lang='lat' dir='ltr'><strong><em>qua</em></strong></span> <span class='ocrx_word' id='word_1_18' title='bbox 513 714 755 761; x_wconf 86' lang='lat' dir='ltr'>sermo</span> <span class='ocrx_word' id='word_1_19' title='bbox 801 696 909 760; x_wconf 86' lang='lat' dir='ltr'><strong>fit.</strong></span> <span class='ocrx_word' id='word_1_20' title='bbox 986 695 1257 780; x_wconf 83' lang='lat' dir='ltr'>Anglioe</span> <span class='ocrx_word' id='word_1_21' title='bbox 1311 695 1464 760; x_wconf 84' lang='lat' dir='ltr'><strong>this</strong></span> <span class='ocrx_word' id='word_1_22' title='bbox 1520 701 1806 761; x_wconf 76' lang='lat' dir='ltr'><strong>matter.</strong></span> <span class='ocrx_word' id='word_1_23' title='bbox 1885 696 1974 761; x_wconf 85' lang='lat' dir='ltr'><strong><em>Cf.</em></strong></span> <span class='ocrx_word' id='word_1_24' title='bbox 2023 696 2135 761; x_wconf 91' lang='lat' dir='ltr'><strong><em>Ph.</em></strong></span> <span class='ocrx_word' id='word_1_25' title='bbox 2170 697 2316 767; x_wconf 87' lang='grc'><strong>897.</strong></span> <span class='ocrx_word' id='word_1_26' title='bbox 2365 697 2436 761; x_wconf 88' lang='grc' dir='ltr'><strong>Ο.</strong></span> <span class='ocrx_word' id='word_1_27' title='bbox 2471 695 2536 760; x_wconf 85' lang='lat' dir='ltr'><strong><em>C.</em></strong></span> <span class='ocrx_word' id='word_1_28' title='bbox 2590 696 2778 761; x_wconf 88' lang='lat'><strong>1616.</strong></span> 
     </span>
     <span class='ocr_line' id='line_1_4' title="bbox 413 783 1424 870; baseline -0.003 -20"><span class='ocrx_word' id='word_1_29' title='bbox 413 784 703 870; x_wconf 77' lang='grc' dir='ltr'><strong><em>ἱστορεῖς]</em></strong></span> <span class='ocrx_word' id='word_1_30' title='bbox 753 784 845 849; x_wconf 79' lang='lat' dir='ltr'><strong><em>Cf.</em></strong></span> <span class='ocrx_word' id='word_1_31' title='bbox 890 783 988 849; x_wconf 87' lang='grc' dir='ltr'><strong>ΕΙ.</strong></span> <span class='ocrx_word' id='word_1_32' title='bbox 1038 786 1183 848; x_wconf 87' lang='grc'><strong>316.</strong></span> <span class='ocrx_word' id='word_1_33' title='bbox 1236 785 1424 849; x_wconf 90' lang='grc'><strong>1101.</strong></span> 
     </span>
     <span class='ocr_line' id='line_1_5' title="bbox 505 873 2777 959; baseline -0.001 -20"><span class='ocrx_word' id='word_1_34' title='bbox 505 876 695 939; x_wconf 85' lang='grc'><strong>1145.</strong></span> <span class='ocrx_word' id='word_1_35' title='bbox 743 873 802 939; x_wconf 85' lang='grc' dir='ltr'><strong><em>ὦ</em></strong></span> <span class='ocrx_word' id='word_1_36' title='bbox 845 873 982 959; x_wconf 83' lang='grc' dir='ltr'><strong><em>τᾶν]</em></strong></span> <span class='ocrx_word' id='word_1_37' title='bbox 1032 874 1122 939; x_wconf 83' lang='lat' dir='ltr'><strong><em>Of.</em></strong></span> <span class='ocrx_word' id='word_1_38' title='bbox 1167 873 1328 938; x_wconf 85' lang='lat' dir='ltr'><strong>Phil.</strong></span> <span class='ocrx_word' id='word_1_39' title='bbox 1383 875 1568 939; x_wconf 88' lang='lat'><strong>1387.</strong></span> <span class='ocrx_word' id='word_1_40' title='bbox 1622 874 1768 939; x_wconf 83' lang='lat' dir='ltr'><strong>Eur.</strong></span> <span class='ocrx_word' id='word_1_41' title='bbox 1815 874 1966 941; x_wconf 85' lang='lat' dir='ltr'><strong>Her.</strong></span> <span class='ocrx_word' id='word_1_42' title='bbox 2018 876 2163 939; x_wconf 85' lang='lat'><strong>322.</strong></span> <span class='ocrx_word' id='word_1_43' title='bbox 2214 876 2359 940; x_wconf 91' lang='grc'><strong>688.</strong></span> <span class='ocrx_word' id='word_1_44' title='bbox 2408 875 2581 958; x_wconf 86' lang='lat' dir='ltr'><strong>Cycl.</strong></span> <span class='ocrx_word' id='word_1_45' title='bbox 2632 876 2777 940; x_wconf 84' lang='lat'><strong>534.</strong></span> 
     </span>
     <span class='ocr_line' id='line_1_6' title="bbox 324 962 2621 1049; baseline -0 -21"><span class='ocrx_word' id='word_1_46' title='bbox 324 963 541 1028; x_wconf 85' lang='lat' dir='ltr'><strong>Elmsl.</strong></span> <span class='ocrx_word' id='word_1_47' title='bbox 591 965 671 1030; x_wconf 85' lang='lat' dir='ltr'><strong><em>ad</em></strong></span> <span class='ocrx_word' id='word_1_48' title='bbox 714 963 942 1029; x_wconf 83' lang='lat' dir='ltr'><strong>Bacch.</strong></span> <span class='ocrx_word' id='word_1_49' title='bbox 992 964 1139 1029; x_wconf 90' lang='lat'><strong>801.</strong></span> <span class='ocrx_word' id='word_1_50' title='bbox 1186 962 1448 1030; x_wconf 82' lang='lat' dir='ltr'>Locutio</span> <span class='ocrx_word' id='word_1_51' title='bbox 1496 983 1628 1029; x_wconf 90' lang='lat' dir='ltr'><strong><em>non</em></strong></span> <span class='ocrx_word' id='word_1_52' title='bbox 1674 965 1951 1030; x_wconf 83' lang='lat' dir='ltr'>occurrit</span> <span class='ocrx_word' id='word_1_53' title='bbox 1995 964 2165 1049; x_wconf 84' lang='lat' dir='ltr'>apud</span> <span class='ocrx_word' id='word_1_54' title='bbox 2211 965 2621 1048; x_wconf 82' lang='lat' dir='ltr'><strong>Aeschylum.</strong></span> 
     </span>
     <span class='ocr_line' id='line_1_7' title="bbox 507 1051 2814 1139; baseline 0 -22"><span class='ocrx_word' id='word_1_55' title='bbox 507 1053 694 1118; x_wconf 87' lang='lat'><strong>1146.</strong></span> <span class='ocrx_word' id='word_1_56' title='bbox 744 1054 865 1118; x_wconf 85' lang='grc' dir='ltr'><strong><em>οὒκ</em></strong></span> <span class='ocrx_word' id='word_1_57' title='bbox 911 1055 999 1125; x_wconf 84' lang='grc' dir='ltr'><strong><em>εἰς</em></strong></span> <span class='ocrx_word' id='word_1_58' title='bbox 1044 1053 1383 1139; x_wconf 86' lang='grc' dir='ltr'><strong><em>ὄλεθρον,·]</em></strong></span> <span class='ocrx_word' id='word_1_59' title='bbox 1459 1054 1548 1117; x_wconf 80' lang='lat' dir='ltr'><strong><em>Of.</em></strong></span> <span class='ocrx_word' id='word_1_60' title='bbox 1597 1054 1746 1118; x_wconf 93' lang='grc'><strong>430.</strong></span> <span class='ocrx_word' id='word_1_61' title='bbox 1811 1053 1907 1119; x_wconf 94' lang='grc' dir='ltr'><strong>ΕΙ.</strong></span> <span class='ocrx_word' id='word_1_62' title='bbox 1960 1054 2146 1119; x_wconf 89' lang='grc'><strong>1430.</strong></span> <span class='ocrx_word' id='word_1_63' title='bbox 2221 1051 2280 1119; x_wconf 82' lang='grc' dir='ltr'><strong><em>ὦ</em></strong></span> <span class='ocrx_word' id='word_1_64' title='bbox 2342 1054 2590 1129; x_wconf 84' lang='grc' dir='ltr'><strong><em>παῖδες,</em></strong></span> <span class='ocrx_word' id='word_1_65' title='bbox 2657 1055 2814 1118; x_wconf 77' lang='grc' dir='ltr'><strong><em>οὐκ·</em></strong></span> 
     </span>
     <span class='ocr_line' id='line_1_8' title="bbox 326 1142 2712 1227; baseline 0 -19"><span class='ocrx_word' id='word_1_66' title='bbox 326 1144 625 1227; x_wconf 76' lang='grc' dir='ltr'><strong><em>ἄψορρον</em></strong></span> <span class='ocrx_word' id='word_1_67' title='bbox 634 1167 658 1220; x_wconf 90' lang='lat'><em>;</em></span> <span class='ocrx_word' id='word_1_68' title='bbox 722 1143 916 1207; x_wconf 86' lang='lat' dir='ltr'><strong>Arist.</strong></span> <span class='ocrx_word' id='word_1_69' title='bbox 962 1142 1118 1207; x_wconf 82' lang='lat' dir='ltr'><strong>Rau.</strong></span> <span class='ocrx_word' id='word_1_70' title='bbox 1170 1143 1315 1207; x_wconf 93' lang='grc'><strong>607.</strong></span> <span class='ocrx_word' id='word_1_71' title='bbox 1383 1144 1504 1207; x_wconf 85' lang='grc' dir='ltr'><strong><em>οὐκ</em></strong></span> <span class='ocrx_word' id='word_1_72' title='bbox 1570 1143 1635 1214; x_wconf 83' lang='grc' dir='ltr'><strong><em>ές</em></strong></span> <span class='ocrx_word' id='word_1_73' title='bbox 1698 1144 1985 1226; x_wconf 88' lang='grc' dir='ltr'><strong><em>κόρακας</em></strong></span> <span class='ocrx_word' id='word_1_74' title='bbox 1994 1166 2017 1220; x_wconf 84' lang='grc'><em>;</em></span> <span class='ocrx_word' id='word_1_75' title='bbox 2082 1144 2160 1208; x_wconf 83' lang='grc' dir='ltr'><strong><em>οὗ</em></strong></span> <span class='ocrx_word' id='word_1_76' title='bbox 2222 1143 2314 1227; x_wconf 85' lang='grc' dir='ltr'><strong><em>μὴ</em></strong></span> <span class='ocrx_word' id='word_1_77' title='bbox 2381 1143 2712 1227; x_wconf 84' lang='grc' dir='ltr'><strong><em>πρόσιτον,·</em></strong></span> 
     </span>
     <span class='ocr_line' id='line_1_9' title="bbox 415 1229 2777 1316; baseline 0 -19"><span class='ocrx_word' id='word_1_78' title='bbox 415 1234 492 1297; x_wconf 83' lang='grc' dir='ltr'><strong><em>οὗ</em></strong></span> <span class='ocrx_word' id='word_1_79' title='bbox 540 1233 869 1316; x_wconf 84' lang='grc' dir='ltr'><strong><em>σιωπήσας</em></strong></span> <span class='ocrx_word' id='word_1_80' title='bbox 913 1230 1100 1316; x_wconf 80' lang='grc' dir='ltr'><strong><em>ἔσει,·]</em></strong></span> <span class='ocrx_word' id='word_1_81' title='bbox 1149 1230 1236 1296; x_wconf 84' lang='lat' dir='ltr'><strong><em>Of.</em></strong></span> <span class='ocrx_word' id='word_1_82' title='bbox 1286 1229 1356 1295; x_wconf 90' lang='grc' dir='ltr'><strong>Ο.</strong></span> <span class='ocrx_word' id='word_1_83' title='bbox 1389 1231 1454 1297; x_wconf 86' lang='lat' dir='ltr'><strong><em>C.</em></strong></span> <span class='ocrx_word' id='word_1_84' title='bbox 1504 1233 1651 1296; x_wconf 90' lang='grc'><strong>816.</strong></span> <span class='ocrx_word' id='word_1_85' title='bbox 1698 1233 2005 1316; x_wconf 79' lang='grc' dir='ltr'><strong><em>λυπηθεὶς</em></strong></span> <span class='ocrx_word' id='word_1_86' title='bbox 2050 1233 2188 1297; x_wconf 80' lang='grc' dir='ltr'><strong><em>ἔσει.</em></strong></span> <span class='ocrx_word' id='word_1_87' title='bbox 2235 1233 2383 1297; x_wconf 70' lang='lat' dir='ltr'><strong>Ant.</strong></span> <span class='ocrx_word' id='word_1_88' title='bbox 2433 1234 2618 1298; x_wconf 90' lang='grc'><strong>1067.</strong></span> <span class='ocrx_word' id='word_1_89' title='bbox 2667 1233 2777 1297; x_wconf 83' lang='grc' dir='ltr'><strong><em>ἀν-</em></strong></span> 
     </span>
     <span class='ocr_line' id='line_1_10' title="bbox 323 1320 2779 1408; baseline 0 -22"><span class='ocrx_word' id='word_1_90' title='bbox 323 1320 533 1393; x_wconf 81' lang='grc' dir='ltr'><strong><em>τιδοὺς</em></strong></span> <span class='ocrx_word' id='word_1_91' title='bbox 586 1323 724 1387; x_wconf 83' lang='grc' dir='ltr'><strong>ἔσει.</strong></span> <span class='ocrx_word' id='word_1_92' title='bbox 792 1320 861 1386; x_wconf 91' lang='grc' dir='ltr'><strong>Ο.</strong></span> <span class='ocrx_word' id='word_1_93' title='bbox 894 1320 966 1385; x_wconf 88' lang='lat' dir='ltr'><strong><em>R.</em></strong></span> <span class='ocrx_word' id='word_1_94' title='bbox 1018 1321 1162 1385; x_wconf 89' lang='grc'><strong>970.</strong></span> <span class='ocrx_word' id='word_1_95' title='bbox 1228 1320 1455 1386; x_wconf 85' lang='grc' dir='ltr'><strong><em>θανὼν</em></strong></span> <span class='ocrx_word' id='word_1_96' title='bbox 1519 1323 1629 1405; x_wconf 82' lang='grc' dir='ltr'><strong><em>εἴη.</em></strong></span> <span class='ocrx_word' id='word_1_97' title='bbox 1695 1322 1926 1386; x_wconf 82' lang='lat' dir='ltr'><strong>Aeseh.</strong></span> <span class='ocrx_word' id='word_1_98' title='bbox 1975 1321 2192 1408; x_wconf 85' lang='lat' dir='ltr'><strong>Suppl.</strong></span> <span class='ocrx_word' id='word_1_99' title='bbox 2240 1322 2386 1386; x_wconf 87' lang='lat'><strong>460.</strong></span> <span class='ocrx_word' id='word_1_100' title='bbox 2454 1321 2779 1407; x_wconf 83' lang='grc' dir='ltr'><strong><em>γηρυθεῖσ’</em></strong></span> 
     </span>
     <span class='ocr_line' id='line_1_11' title="bbox 323 1410 1180 1496; baseline -0.002 -20"><span class='ocrx_word' id='word_1_101' title='bbox 323 1412 446 1476; x_wconf 83' lang='grc' dir='ltr'><strong><em>ἔσει</em></strong></span> <span class='ocrx_word' id='word_1_102' title='bbox 492 1412 671 1496; x_wconf 79' lang='grc' dir='ltr'><strong><em>(ἔχεις</em></strong></span> <span class='ocrx_word' id='word_1_103' title='bbox 716 1418 884 1477; x_wconf 86' lang='lat' dir='ltr'>recte</span> <span class='ocrx_word' id='word_1_104' title='bbox 929 1410 990 1477; x_wconf 87' lang='lat' dir='ltr'>N</span> <span class='ocrx_word' id='word_1_105' title='bbox 992 1411 1180 1493; x_wconf 81' lang='lat' dir='ltr'><strong>aber).</strong></span> 
     </span>
    </p>
   </div>
   <div class='ocr_carea' id='block_1_3' title="bbox 323 1517 2782 3982">
    <p class='ocr_par' dir='ltr' id='par_1_3' title="bbox 507 1517 2435 1604">
     <span class='ocr_line' id='line_1_12' title="bbox 507 1517 2435 1604; baseline -0.001 -22"><span class='ocrx_word' id='word_1_106' title='bbox 507 1520 694 1584; x_wconf 88' lang='grc'><strong>1147.</strong></span> <span class='ocrx_word' id='word_1_107' title='bbox 741 1517 810 1593; x_wconf 83' lang='grc' dir='ltr'><strong><em>ἀ,</em></strong></span> <span class='ocrx_word' id='word_1_108' title='bbox 854 1520 946 1604; x_wconf 90' lang='grc' dir='ltr'><strong><em>μὴ</em></strong></span> <span class='ocrx_word' id='word_1_109' title='bbox 994 1517 1256 1604; x_wconf 86' lang='grc' dir='ltr'><strong><em>κόλαζε]</em></strong></span> <span class='ocrx_word' id='word_1_110' title='bbox 1305 1518 1396 1584; x_wconf 81' lang='lat' dir='ltr'><strong><em>Cf.</em></strong></span> <span class='ocrx_word' id='word_1_111' title='bbox 1444 1517 1607 1583; x_wconf 86' lang='lat' dir='ltr'><strong>Phil.</strong></span> <span class='ocrx_word' id='word_1_112' title='bbox 1659 1519 1848 1584; x_wconf 89' lang='grc'><strong>1300.</strong></span> <span class='ocrx_word' id='word_1_113' title='bbox 1895 1518 1937 1582; x_wconf 84' lang='grc' dir='ltr'>ἆ</span> <span class='ocrx_word' id='word_1_114' title='bbox 1982 1517 2051 1593; x_wconf 80' lang='grc' dir='ltr'><strong><em>ἀ,</em></strong></span> <span class='ocrx_word' id='word_1_115' title='bbox 2095 1519 2435 1603; x_wconf 85' lang='grc' dir='ltr'><strong><em>μηδαμῶς.</em></strong></span> 
     </span>
    </p>

    <p class='ocr_par' dir='ltr' id='par_1_4' title="bbox 324 1607 2780 1872">
     <span class='ocr_line' id='line_1_13' title="bbox 508 1607 2778 1694; baseline 0.001 -23"><span class='ocrx_word' id='word_1_116' title='bbox 508 1608 696 1672; x_wconf 88' lang='grc'><strong>1149.</strong></span> <span class='ocrx_word' id='word_1_117' title='bbox 744 1607 802 1674; x_wconf 83' lang='grc' dir='ltr'><strong><em>ὦ</em></strong></span> <span class='ocrx_word' id='word_1_118' title='bbox 865 1610 1115 1692; x_wconf 83' lang='grc' dir='ltr'><strong><em>φέριστε</em></strong></span> <span class='ocrx_word' id='word_1_119' title='bbox 1180 1607 1532 1694; x_wconf 87' lang='grc' dir='ltr'><strong><em>δεσποτῶν]</em></strong></span> <span class='ocrx_word' id='word_1_120' title='bbox 1599 1607 1688 1673; x_wconf 86' lang='lat' dir='ltr'><strong>cf.</strong></span> <span class='ocrx_word' id='word_1_121' title='bbox 1745 1608 1974 1673; x_wconf 86' lang='lat' dir='ltr'><strong>Aeseh.</strong></span> <span class='ocrx_word' id='word_1_122' title='bbox 2033 1607 2199 1694; x_wconf 82' lang='lat' dir='ltr'><strong>Sept.</strong></span> <span class='ocrx_word' id='word_1_123' title='bbox 2250 1610 2351 1673; x_wconf 88' lang='grc'><strong>39.</strong></span> <span class='ocrx_word' id='word_1_124' title='bbox 2408 1607 2778 1683; x_wconf 80' lang='grc' dir='ltr'><strong><em>Ἐτεόκλεες,</em></strong></span> 
     </span>
     <span class='ocr_line' id='line_1_14' title="bbox 324 1697 2780 1783; baseline 0 -21"><span class='ocrx_word' id='word_1_125' title='bbox 324 1698 575 1782; x_wconf 83' lang='grc' dir='ltr'><strong><em>φέριστε</em></strong></span> <span class='ocrx_word' id='word_1_126' title='bbox 618 1697 967 1782; x_wconf 80' lang='grc' dir='ltr'><strong><em>Καδμείων</em></strong></span> <span class='ocrx_word' id='word_1_127' title='bbox 1012 1700 1186 1772; x_wconf 81' lang='grc' dir='ltr'><strong><em>ἅναξ.</em></strong></span> <span class='ocrx_word' id='word_1_128' title='bbox 1262 1697 1589 1781; x_wconf 82' lang='lat' dir='ltr'>Frequent</span> <span class='ocrx_word' id='word_1_129' title='bbox 1634 1698 1804 1783; x_wconf 82' lang='lat' dir='ltr'>apud</span> <span class='ocrx_word' id='word_1_130' title='bbox 1832 1697 2213 1781; x_wconf 84' lang='lat' dir='ltr'>Homerum,</span> <span class='ocrx_word' id='word_1_131' title='bbox 2260 1718 2390 1763; x_wconf 90' lang='lat' dir='ltr'><strong><em>non</em></strong></span> <span class='ocrx_word' id='word_1_132' title='bbox 2430 1698 2582 1762; x_wconf 83' lang='lat' dir='ltr'>alibi</span> <span class='ocrx_word' id='word_1_133' title='bbox 2627 1698 2780 1782; x_wconf 83' lang='lat' dir='ltr'>legi-</span> 
     </span>
     <span class='ocr_line' id='line_1_15' title="bbox 325 1787 953 1872; baseline -0.002 -21"><span class='ocrx_word' id='word_1_134' title='bbox 325 1794 434 1851; x_wconf 83' lang='lat' dir='ltr'><strong><em>tur</em></strong></span> <span class='ocrx_word' id='word_1_135' title='bbox 479 1788 545 1851; x_wconf 89' lang='lat' dir='ltr'><strong><em>in</em></strong></span> <span class='ocrx_word' id='word_1_136' title='bbox 591 1787 953 1872; x_wconf 80' lang='lat' dir='ltr'>Tragoedia.</span> 
     </span>
    </p>

    <p class='ocr_par' dir='ltr' id='par_1_5' title="bbox 510 1894 2495 1980">
     <span class='ocr_line' id='line_1_16' title="bbox 510 1894 2495 1980; baseline 0.002 -23"><span class='ocrx_word' id='word_1_137' title='bbox 510 1896 696 1959; x_wconf 90' lang='grc'><strong>1151.</strong></span> <span class='ocrx_word' id='word_1_138' title='bbox 743 1894 951 1965; x_wconf 80' lang='grc' dir='ltr'><strong><em>ἄλλως</em></strong></span> <span class='ocrx_word' id='word_1_139' title='bbox 994 1895 1204 1980; x_wconf 92' lang='grc' dir='ltr'><strong><em>πονεῖ]</em></strong></span> <span class='ocrx_word' id='word_1_140' title='bbox 1253 1895 1345 1960; x_wconf 83' lang='lat' dir='ltr'><strong><em>Of.</em></strong></span> <span class='ocrx_word' id='word_1_141' title='bbox 1396 1895 1542 1960; x_wconf 84' lang='lat'><strong>333.</strong></span> <span class='ocrx_word' id='word_1_142' title='bbox 1590 1896 1648 1959; x_wconf 90' lang='grc' dir='ltr'><strong><em>τί</em></strong></span> <span class='ocrx_word' id='word_1_143' title='bbox 1687 1898 1854 1959; x_wconf 83' lang='grc' dir='ltr'><strong><em>ταῦτ’</em></strong></span> <span class='ocrx_word' id='word_1_144' title='bbox 1898 1895 1906 1978; x_wconf 93' lang='grc' dir='ltr'>Ι</span> <span class='ocrx_word' id='word_1_145' title='bbox 1946 1895 2155 1965; x_wconf 79' lang='grc' dir='ltr'><strong><em>ἄλλως</em></strong></span> <span class='ocrx_word' id='word_1_146' title='bbox 2199 1895 2495 1978; x_wconf 82' lang='grc' dir='ltr'><strong><em>έλέγγεις,·</em></strong></span> 
     </span>
    </p>

    <p class='ocr_par' dir='ltr' id='par_1_6' title="bbox 323 1983 2782 3142">
     <span class='ocr_line' id='line_1_17' title="bbox 509 1983 2780 2069; baseline 0 -21"><span class='ocrx_word' id='word_1_147' title='bbox 509 1986 693 2048; x_wconf 88' lang='grc'><strong>1152.</strong></span> <span class='ocrx_word' id='word_1_148' title='bbox 741 1984 904 2067; x_wconf 87' lang='grc' dir='ltr'><strong><em>πρὸς</em></strong></span> <span class='ocrx_word' id='word_1_149' title='bbox 948 1985 1132 2068; x_wconf 83' lang='grc' dir='ltr'><strong><em>χάριν</em></strong></span> <span class='ocrx_word' id='word_1_150' title='bbox 1179 2020 1263 2031; x_wconf 95' lang='grc'><strong>-</strong></span> <span class='ocrx_word' id='word_1_151' title='bbox 1312 1983 1502 2069; x_wconf 77' lang='grc' dir='ltr'><strong><em>ἐρεῖς]</em></strong></span> <span class='ocrx_word' id='word_1_152' title='bbox 1569 1984 1659 2050; x_wconf 82' lang='lat' dir='ltr'><strong><em>Of.</em></strong></span> <span class='ocrx_word' id='word_1_153' title='bbox 1707 1983 1808 2049; x_wconf 82' lang='lat' dir='ltr'><strong><em>Fr.</em></strong></span> <span class='ocrx_word' id='word_1_154' title='bbox 1856 1986 1957 2049; x_wconf 87' lang='grc'><strong>25.</strong></span> <span class='ocrx_word' id='word_1_155' title='bbox 2022 1986 2272 2049; x_wconf 84' lang='grc' dir='ltr'><strong><em>τοιαῦτά</em></strong></span> <span class='ocrx_word' id='word_1_156' title='bbox 2326 1987 2426 2049; x_wconf 82' lang='grc' dir='ltr'><strong><em>τοί</em></strong></span> <span class='ocrx_word' id='word_1_157' title='bbox 2474 2008 2573 2050; x_wconf 92' lang='grc' dir='ltr'><strong><em>σοι</em></strong></span> <span class='ocrx_word' id='word_1_158' title='bbox 2616 1985 2780 2068; x_wconf 84' lang='grc' dir='ltr'><strong><em>πρὸς</em></strong></span> 
     </span>
     <span class='ocr_line' id='line_1_18' title="bbox 327 2072 2778 2159; baseline 0 -22"><span class='ocrx_word' id='word_1_159' title='bbox 327 2073 512 2157; x_wconf 82' lang='grc' dir='ltr'><strong><em>χάριν</em></strong></span> <span class='ocrx_word' id='word_1_160' title='bbox 556 2098 621 2138; x_wconf 85' lang='grc' dir='ltr'><strong><em>τε</em></strong></span> <span class='ocrx_word' id='word_1_161' title='bbox 664 2075 787 2138; x_wconf 82' lang='grc' dir='ltr'><em>κοῦ</em></span> <span class='ocrx_word' id='word_1_162' title='bbox 832 2074 941 2157; x_wconf 82' lang='grc' dir='ltr'><strong><em>βίᾳ</em></strong></span> <span class='ocrx_word' id='word_1_163' title='bbox 985 2074 1169 2156; x_wconf 88' lang='grc' dir='ltr'><strong><em>λέγω.</em></strong></span> <span class='ocrx_word' id='word_1_164' title='bbox 1217 2072 1287 2138; x_wconf 92' lang='grc' dir='ltr'><strong>Ο.</strong></span> <span class='ocrx_word' id='word_1_165' title='bbox 1322 2073 1386 2137; x_wconf 82' lang='lat' dir='ltr'><strong><em>O.</em></strong></span> <span class='ocrx_word' id='word_1_166' title='bbox 1424 2074 1612 2137; x_wconf 89' lang='grc'><strong>1775.</strong></span> <span class='ocrx_word' id='word_1_167' title='bbox 1659 2073 1758 2138; x_wconf 81' lang='lat' dir='ltr'><strong><em>Fr.</em></strong></span> <span class='ocrx_word' id='word_1_168' title='bbox 1794 2074 1896 2138; x_wconf 94' lang='grc'><strong><em>60.</em></strong></span> <span class='ocrx_word' id='word_1_169' title='bbox 1943 2079 2072 2137; x_wconf 83' lang='grc' dir='ltr'><strong><em>πᾶν</em></strong></span> <span class='ocrx_word' id='word_1_170' title='bbox 2115 2073 2280 2157; x_wconf 84' lang='grc' dir='ltr'><strong><em>πρὸς</em></strong></span> <span class='ocrx_word' id='word_1_171' title='bbox 2315 2074 2557 2159; x_wconf 84' lang='grc' dir='ltr'><strong><em>ἡδονὴν</em></strong></span> <span class='ocrx_word' id='word_1_172' title='bbox 2602 2074 2778 2157; x_wconf 84' lang='grc' dir='ltr'><strong><em>λέγει.</em></strong></span> 
     </span>
     <span class='ocr_line' id='line_1_19' title="bbox 324 2161 2781 2253; baseline 0 -26"><span class='ocrx_word' id='word_1_173' title='bbox 324 2162 398 2227; x_wconf 90' lang='grc' dir='ltr'><strong>Ο.</strong></span> <span class='ocrx_word' id='word_1_174' title='bbox 429 2161 501 2226; x_wconf 88' lang='lat' dir='ltr'><strong><em>R.</em></strong></span> <span class='ocrx_word' id='word_1_175' title='bbox 552 2164 739 2227; x_wconf 89' lang='grc'><strong>1353.</strong></span> <span class='ocrx_word' id='word_1_176' title='bbox 806 2163 994 2253; x_wconf 80' lang='grc' dir='ltr'><strong><em>οὐδὲν</em></strong></span> <span class='ocrx_word' id='word_1_177' title='bbox 1057 2164 1143 2234; x_wconf 83' lang='grc' dir='ltr'><strong><em>εἰς</em></strong></span> <span class='ocrx_word' id='word_1_178' title='bbox 1195 2163 1380 2247; x_wconf 84' lang='grc' dir='ltr'><strong><em>χάριν</em></strong></span> <span class='ocrx_word' id='word_1_179' title='bbox 1424 2164 1748 2247; x_wconf 86' lang='grc' dir='ltr'><strong><em>πράσσων.</em></strong></span> <span class='ocrx_word' id='word_1_180' title='bbox 1813 2162 1908 2226; x_wconf 89' lang='grc' dir='ltr'><strong>ΕΙ.</strong></span> <span class='ocrx_word' id='word_1_181' title='bbox 1959 2164 2104 2227; x_wconf 92' lang='grc'><strong>921.</strong></span> <span class='ocrx_word' id='word_1_182' title='bbox 2171 2164 2248 2228; x_wconf 87' lang='grc' dir='ltr'><strong><em>οὗ</em></strong></span> <span class='ocrx_word' id='word_1_183' title='bbox 2311 2163 2476 2247; x_wconf 87' lang='grc' dir='ltr'><strong><em>πρὸς</em></strong></span> <span class='ocrx_word' id='word_1_184' title='bbox 2539 2163 2781 2248; x_wconf 82' lang='grc' dir='ltr'><strong><em>ἡδονὴν</em></strong></span> 
     </span>
     <span class='ocr_line' id='line_1_20' title="bbox 324 2252 2779 2336; baseline 0.001 -21"><span class='ocrx_word' id='word_1_185' title='bbox 324 2252 491 2334; x_wconf 89' lang='grc' dir='ltr'><strong><em>λέγω</em></strong></span> <span class='ocrx_word' id='word_1_186' title='bbox 537 2252 718 2330; x_wconf 85' lang='grc' dir='ltr'><strong><em>τάδε,·</em></strong></span> <span class='ocrx_word' id='word_1_187' title='bbox 782 2252 930 2317; x_wconf 70' lang='lat' dir='ltr'><strong>Ant.</strong></span> <span class='ocrx_word' id='word_1_188' title='bbox 980 2252 1124 2317; x_wconf 92' lang='grc'><strong>908.</strong></span> <span class='ocrx_word' id='word_1_189' title='bbox 1189 2253 1353 2323; x_wconf 88' lang='grc' dir='ltr'><strong><em>τίνος</em></strong></span> <span class='ocrx_word' id='word_1_190' title='bbox 1400 2290 1484 2300; x_wconf 94' lang='grc'><strong>-</strong></span> <span class='ocrx_word' id='word_1_191' title='bbox 1530 2259 1720 2318; x_wconf 85' lang='grc' dir='ltr'><strong><em>ταῦτα</em></strong></span> <span class='ocrx_word' id='word_1_192' title='bbox 1776 2252 1942 2333; x_wconf 84' lang='grc' dir='ltr'><strong><em>πρὸς</em></strong></span> <span class='ocrx_word' id='word_1_193' title='bbox 1995 2253 2180 2336; x_wconf 90' lang='grc' dir='ltr'><strong><em>χάριν</em></strong></span> <span class='ocrx_word' id='word_1_194' title='bbox 2224 2252 2390 2334; x_wconf 88' lang='grc' dir='ltr'><strong><em>λέγω</em></strong></span> <span class='ocrx_word' id='word_1_195' title='bbox 2402 2278 2424 2329; x_wconf 82' lang='grc'><strong><em>,·</em></strong></span> <span class='ocrx_word' id='word_1_196' title='bbox 2485 2252 2583 2317; x_wconf 77' lang='grc' dir='ltr'><strong><em>Τι’.</em></strong></span> <span class='ocrx_word' id='word_1_197' title='bbox 2635 2254 2779 2317; x_wconf 91' lang='grc'><strong>180.</strong></span> 
     </span>
     <span class='ocr_line' id='line_1_21' title="bbox 328 2340 2778 2426; baseline 0.002 -22"><span class='ocrx_word' id='word_1_198' title='bbox 328 2340 641 2424; x_wconf 73' lang='grc' dir='ltr'><strong><em>στείχονθ’</em></strong></span> <span class='ocrx_word' id='word_1_199' title='bbox 688 2342 827 2424; x_wconf 84' lang='grc' dir='ltr'><strong><em>δρῶ</em></strong></span> <span class='ocrx_word' id='word_1_200' title='bbox 856 2341 968 2405; x_wconf 89' lang='grc' dir='ltr'><strong><em>τιν’</em></strong></span> <span class='ocrx_word' id='word_1_201' title='bbox 999 2342 1202 2424; x_wconf 84' lang='grc' dir='ltr'><strong><em>ἄνδρα</em></strong></span> <span class='ocrx_word' id='word_1_202' title='bbox 1233 2342 1399 2425; x_wconf 84' lang='grc' dir='ltr'><strong><em>πρὸς</em></strong></span> <span class='ocrx_word' id='word_1_203' title='bbox 1439 2343 1624 2425; x_wconf 88' lang='grc' dir='ltr'><strong><em>χάριν</em></strong></span> <span class='ocrx_word' id='word_1_204' title='bbox 1654 2342 1880 2424; x_wconf 89' lang='grc' dir='ltr'><strong><em>λόγων.</em></strong></span> <span class='ocrx_word' id='word_1_205' title='bbox 1929 2341 2080 2406; x_wconf 88' lang='lat' dir='ltr'><strong>Eur.</strong></span> <span class='ocrx_word' id='word_1_206' title='bbox 2101 2341 2264 2406; x_wconf 84' lang='lat' dir='ltr'><strong>Med.</strong></span> <span class='ocrx_word' id='word_1_207' title='bbox 2288 2343 2433 2405; x_wconf 87' lang='grc'><strong>773.</strong></span> <span class='ocrx_word' id='word_1_208' title='bbox 2483 2342 2674 2426; x_wconf 89' lang='grc' dir='ltr'><strong><em>δέχου</em></strong></span> <span class='ocrx_word' id='word_1_209' title='bbox 2708 2342 2778 2408; x_wconf 83' lang='grc' dir='ltr'><strong><em>δὲ</em></strong></span> 
     </span>
     <span class='ocr_line' id='line_1_22' title="bbox 323 2430 2777 2516; baseline 0.001 -23"><span class='ocrx_word' id='word_1_210' title='bbox 323 2430 415 2513; x_wconf 89' lang='grc' dir='ltr'><strong><em>μὴ</em></strong></span> <span class='ocrx_word' id='word_1_211' title='bbox 462 2430 628 2514; x_wconf 84' lang='grc' dir='ltr'><strong><em>πρὸς</em></strong></span> <span class='ocrx_word' id='word_1_212' title='bbox 672 2432 914 2515; x_wconf 84' lang='grc' dir='ltr'><strong><em>ἡδονὴν</em></strong></span> <span class='ocrx_word' id='word_1_213' title='bbox 958 2431 1203 2513; x_wconf 87' lang='grc' dir='ltr'><strong><em>λόγους.</em></strong></span> <span class='ocrx_word' id='word_1_214' title='bbox 1249 2430 1405 2496; x_wconf 83' lang='lat' dir='ltr'><strong>Hec.</strong></span> <span class='ocrx_word' id='word_1_215' title='bbox 1441 2434 1586 2495; x_wconf 88' lang='grc'><strong>257.</strong></span> <span class='ocrx_word' id='word_1_216' title='bbox 1634 2435 1713 2515; x_wconf 87' lang='grc' dir='ltr'><strong><em>ἢν</em></strong></span> <span class='ocrx_word' id='word_1_217' title='bbox 1759 2438 1910 2496; x_wconf 92' lang='grc' dir='ltr'><strong><em>τοῖσι</em></strong></span> <span class='ocrx_word' id='word_1_218' title='bbox 1940 2431 2197 2502; x_wconf 83' lang='grc' dir='ltr'><strong><em>πολλοῖς</em></strong></span> <span class='ocrx_word' id='word_1_219' title='bbox 2240 2432 2406 2516; x_wconf 84' lang='grc' dir='ltr'><strong><em>πρὸς</em></strong></span> <span class='ocrx_word' id='word_1_220' title='bbox 2449 2432 2634 2515; x_wconf 88' lang='grc' dir='ltr'><strong><em>χάριν</em></strong></span> <span class='ocrx_word' id='word_1_221' title='bbox 2680 2432 2777 2496; x_wconf 83' lang='grc' dir='ltr'><strong><em>λέ-</em></strong></span> 
     </span>
     <span class='ocr_line' id='line_1_23' title="bbox 324 2520 2777 2696; baseline 0 -23"><span class='ocrx_word' id='word_1_222' title='bbox 324 2520 800 2696; x_wconf 57' lang='grc' dir='ltr'><strong><em>ἶέξεῗίἒῗέξιζ</em></strong></span> <span class='ocrx_word' id='word_1_223' title='bbox 822 2520 1027 2675; x_wconf 52' lang='grc' dir='ltr'><strong><em>Έέἐῗ)</em></strong></span> <span class='ocrx_word' id='word_1_224' title='bbox 1035 2520 1576 2696; x_wconf 57' lang='grc' dir='ltr'><strong><em>Ἀιῗὰρῖἷῖῗωῆῗῗ</em></strong></span> <span class='ocrx_word' id='word_1_225' title='bbox 1602 2521 2114 2695; x_wconf 56' lang='grc' dir='ltr'><strong><em>ιᾶἔίῖιξῖζῖῒ</em></strong></span> <span class='ocrx_word' id='word_1_226' title='bbox 2128 2521 2539 2695; x_wconf 54' lang='grc' dir='ltr'><strong><em>ἔγίὸξηέξῑρὲἴ</em></strong></span> <span class='ocrx_word' id='word_1_227' title='bbox 2582 2521 2777 2696; x_wconf 51' lang='grc' dir='ltr'><strong><em>ἕξῇἷῗ</em></strong></span> 
     </span>
     <span class='ocr_line' id='line_1_24' title="bbox 324 2698 2780 2786; baseline 0.001 -24"><span class='ocrx_word' id='word_1_228' title='bbox 324 2723 455 2764; x_wconf 87' lang='grc' dir='ltr'><strong><em>των</em></strong></span> <span class='ocrx_word' id='word_1_229' title='bbox 508 2700 672 2783; x_wconf 84' lang='grc' dir='ltr'><strong><em>πρὸς</em></strong></span> <span class='ocrx_word' id='word_1_230' title='bbox 724 2702 908 2783; x_wconf 89' lang='grc' dir='ltr'><strong><em>χάριν</em></strong></span> <span class='ocrx_word' id='word_1_231' title='bbox 952 2701 1079 2765; x_wconf 87' lang='grc' dir='ltr'><strong><em>κτλ.</em></strong></span> <span class='ocrx_word' id='word_1_232' title='bbox 1134 2699 1370 2765; x_wconf 88' lang='lat' dir='ltr'>Herod.</span> <span class='ocrx_word' id='word_1_233' title='bbox 1417 2698 1532 2765; x_wconf 92' lang='lat' dir='ltr'><strong>III.</strong></span> <span class='ocrx_word' id='word_1_234' title='bbox 1588 2701 1729 2766; x_wconf 89' lang='grc'><strong>126.</strong></span> <span class='ocrx_word' id='word_1_235' title='bbox 1798 2702 1891 2772; x_wconf 84' lang='grc' dir='ltr'><strong><em>ὡς</em></strong></span> <span class='ocrx_word' id='word_1_236' title='bbox 1945 2703 2023 2766; x_wconf 85' lang='grc' dir='ltr'><strong><em>οὗ</em></strong></span> <span class='ocrx_word' id='word_1_237' title='bbox 2079 2701 2244 2785; x_wconf 85' lang='grc' dir='ltr'><strong><em>πρὸς</em></strong></span> <span class='ocrx_word' id='word_1_238' title='bbox 2299 2702 2541 2785; x_wconf 84' lang='grc' dir='ltr'><strong><em>ἡδονήν</em></strong></span> <span class='ocrx_word' id='word_1_239' title='bbox 2595 2703 2657 2765; x_wconf 78' lang='grc' dir='ltr'><strong><em>οἱ</em></strong></span> <span class='ocrx_word' id='word_1_240' title='bbox 2700 2700 2780 2786; x_wconf 85' lang='grc' dir='ltr'><strong><em>ἦν</em></strong></span> 
     </span>
     <span class='ocr_line' id='line_1_25' title="bbox 326 2788 2778 2874; baseline 0.002 -23"><span class='ocrx_word' id='word_1_241' title='bbox 326 2788 400 2852; x_wconf 77' lang='grc' dir='ltr'><strong><em>τὰ</em></strong></span> <span class='ocrx_word' id='word_1_242' title='bbox 448 2789 888 2873; x_wconf 83' lang='grc' dir='ltr'><strong><em>ἀγγελλόμενα.</em></strong></span> <span class='ocrx_word' id='word_1_243' title='bbox 941 2789 1131 2853; x_wconf 83' lang='lat' dir='ltr'><strong>Thuc.</strong></span> <span class='ocrx_word' id='word_1_244' title='bbox 1189 2788 1303 2853; x_wconf 94' lang='lat' dir='ltr'><strong>III.</strong></span> <span class='ocrx_word' id='word_1_245' title='bbox 1352 2791 1455 2852; x_wconf 88' lang='grc'><strong><em>42.</em></strong></span> <span class='ocrx_word' id='word_1_246' title='bbox 1523 2790 1691 2854; x_wconf 75' lang='grc' dir='ltr'><strong><em>οὕτω</em></strong></span> <span class='ocrx_word' id='word_1_247' title='bbox 1759 2790 1880 2873; x_wconf 84' lang='grc' dir='ltr'><strong><em>γὰρ</em></strong></span> <span class='ocrx_word' id='word_1_248' title='bbox 1929 2826 2011 2837; x_wconf 93' lang='lat'><em>-</em></span> <span class='ocrx_word' id='word_1_249' title='bbox 2060 2792 2278 2874; x_wconf 85' lang='grc' dir='ltr'><strong><em>ἥκιστα</em></strong></span> <span class='ocrx_word' id='word_1_250' title='bbox 2345 2793 2426 2854; x_wconf 81' lang='grc' dir='ltr'><strong><em>ἂν</em></strong></span> <span class='ocrx_word' id='word_1_251' title='bbox 2474 2828 2557 2838; x_wconf 88' lang='grc'><strong><em>-</em></strong></span> <span class='ocrx_word' id='word_1_252' title='bbox 2603 2790 2778 2873; x_wconf 77' lang='grc' dir='ltr'><strong><em>παρὰ</em></strong></span> 
     </span>
     <span class='ocr_line' id='line_1_26' title="bbox 328 2878 2781 2963; baseline 0 -20"><span class='ocrx_word' id='word_1_253' title='bbox 328 2879 593 2962; x_wconf 83' lang='grc' dir='ltr'><strong><em>γνώμην</em></strong></span> <span class='ocrx_word' id='word_1_254' title='bbox 637 2903 691 2942; x_wconf 90' lang='grc' dir='ltr'><strong><em>τι</em></strong></span> <span class='ocrx_word' id='word_1_255' title='bbox 735 2878 842 2943; x_wconf 80' lang='grc' dir='ltr'><strong><em>καὶ</em></strong></span> <span class='ocrx_word' id='word_1_256' title='bbox 895 2879 1060 2962; x_wconf 87' lang='grc' dir='ltr'><strong><em>πρὸς</em></strong></span> <span class='ocrx_word' id='word_1_257' title='bbox 1104 2879 1290 2962; x_wconf 90' lang='grc' dir='ltr'><strong><em>χάριν</em></strong></span> <span class='ocrx_word' id='word_1_258' title='bbox 1335 2879 1518 2961; x_wconf 86' lang='grc' dir='ltr'><strong><em>λέγοι.</em></strong></span> <span class='ocrx_word' id='word_1_259' title='bbox 1566 2879 1757 2944; x_wconf 83' lang='lat' dir='ltr'><strong>Isoor.</strong></span> <span class='ocrx_word' id='word_1_260' title='bbox 1807 2878 1908 2943; x_wconf 87' lang='lat' dir='ltr'><strong><em>Or.</em></strong></span> <span class='ocrx_word' id='word_1_261' title='bbox 1957 2879 2104 2944; x_wconf 83' lang='lat' dir='ltr'><strong>XV.</strong></span> <span class='ocrx_word' id='word_1_262' title='bbox 2153 2882 2191 2962; x_wconf 67' lang='grc' dir='ltr'>ξ</span> <span class='ocrx_word' id='word_1_263' title='bbox 2237 2880 2379 2944; x_wconf 87' lang='grc'><strong>141.</strong></span> <span class='ocrx_word' id='word_1_264' title='bbox 2425 2880 2574 2951; x_wconf 85' lang='grc' dir='ltr'><strong><em>τοὺς</em></strong></span> <span class='ocrx_word' id='word_1_265' title='bbox 2618 2879 2781 2963; x_wconf 85' lang='grc' dir='ltr'><strong><em>πρὸς</em></strong></span> 
     </span>
     <span class='ocr_line' id='line_1_27' title="bbox 326 2967 2782 3052; baseline 0 -22"><span class='ocrx_word' id='word_1_266' title='bbox 326 2968 510 3050; x_wconf 88' lang='grc' dir='ltr'><strong><em>χάριν</em></strong></span> <span class='ocrx_word' id='word_1_267' title='bbox 554 2968 944 3051; x_wconf 81' lang='grc' dir='ltr'><strong><em>ὁμιλοῦντας.</em></strong></span> <span class='ocrx_word' id='word_1_268' title='bbox 1000 2967 1166 3032; x_wconf 73' lang='lat' dir='ltr'><strong>Plut„</strong></span> <span class='ocrx_word' id='word_1_269' title='bbox 1214 2967 1293 3033; x_wconf 86' lang='lat' dir='ltr'><strong><em>de</em></strong></span> <span class='ocrx_word' id='word_1_270' title='bbox 1339 2968 1505 3032; x_wconf 80' lang='lat' dir='ltr'><strong>adul.</strong></span> <span class='ocrx_word' id='word_1_271' title='bbox 1554 2975 1618 3033; x_wconf 90' lang='lat' dir='ltr'><strong><em>et</em></strong></span> <span class='ocrx_word' id='word_1_272' title='bbox 1663 2969 1843 3031; x_wconf 79' lang='lat' dir='ltr'><strong>amic.</strong></span> <span class='ocrx_word' id='word_1_273' title='bbox 1891 2969 2075 3033; x_wconf 83' lang='lat' dir='ltr'><strong>diser.</strong></span> <span class='ocrx_word' id='word_1_274' title='bbox 2124 2987 2175 3032; x_wconf 85' lang='lat' dir='ltr'><strong>e.</strong></span> <span class='ocrx_word' id='word_1_275' title='bbox 2228 2969 2327 3032; x_wconf 93' lang='grc'><strong><em>16.</em></strong></span> <span class='ocrx_word' id='word_1_276' title='bbox 2381 2969 2453 3032; x_wconf 85' lang='grc' dir='ltr'><strong><em>τὸ</em></strong></span> <span class='ocrx_word' id='word_1_277' title='bbox 2505 2969 2628 3052; x_wconf 83' lang='grc' dir='ltr'><strong><em>ἡδὺ</em></strong></span> <span class='ocrx_word' id='word_1_278' title='bbox 2673 2970 2782 3033; x_wconf 79' lang='grc' dir='ltr'><strong><em>καὶ</em></strong></span> 
     </span>
     <span class='ocr_line' id='line_1_28' title="bbox 327 3056 2582 3142; baseline 0.001 -23"><span class='ocrx_word' id='word_1_279' title='bbox 327 3056 397 3120; x_wconf 87' lang='grc' dir='ltr'><strong><em>τὸ</em></strong></span> <span class='ocrx_word' id='word_1_280' title='bbox 443 3056 608 3140; x_wconf 84' lang='grc' dir='ltr'><strong><em>πρὸς</em></strong></span> <span class='ocrx_word' id='word_1_281' title='bbox 652 3058 835 3141; x_wconf 91' lang='grc' dir='ltr'><strong><em>χάριν</em></strong></span> <span class='ocrx_word' id='word_1_282' title='bbox 880 3057 1136 3128; x_wconf 83' lang='grc' dir='ltr'><strong><em>εἰωθὼς</em></strong></span> <span class='ocrx_word' id='word_1_283' title='bbox 1182 3058 1575 3140; x_wconf 79' lang='grc' dir='ltr'><strong><em>ὑποκρέκειν.</em></strong></span> <span class='ocrx_word' id='word_1_284' title='bbox 1711 3057 1974 3142; x_wconf 84' lang='grc' dir='ltr'><strong><em>κλαίων]</em></strong></span> <span class='ocrx_word' id='word_1_285' title='bbox 2020 3057 2115 3121; x_wconf 86' lang='grc' dir='ltr'><strong><em>ΤΟ</em></strong></span> <span class='ocrx_word' id='word_1_286' title='bbox 2163 3075 2358 3140; x_wconf 83' lang='lat' dir='ltr'>your</span> <span class='ocrx_word' id='word_1_287' title='bbox 2403 3065 2582 3122; x_wconf 83' lang='lat' dir='ltr'><strong>eost.</strong></span> 
     </span>
    </p>

    <p class='ocr_par' dir='ltr' id='par_1_7' title="bbox 325 3162 2780 3339">
     <span class='ocr_line' id='line_1_29' title="bbox 512 3162 2780 3250; baseline 0 -23"><span class='ocrx_word' id='word_1_288' title='bbox 512 3165 701 3228; x_wconf 90' lang='lat'><strong>1153.</strong></span> <span class='ocrx_word' id='word_1_289' title='bbox 746 3165 837 3248; x_wconf 89' lang='grc' dir='ltr'><strong><em>μὴ</em></strong></span> <span class='ocrx_word' id='word_1_290' title='bbox 887 3165 1042 3249; x_wconf 91' lang='grc' dir='ltr'><strong><em>δῆτα</em></strong></span> <span class='ocrx_word' id='word_1_291' title='bbox 1078 3201 1162 3213; x_wconf 90' lang='lat'><strong><em>-—-</em></strong></span> <span class='ocrx_word' id='word_1_292' title='bbox 1193 3164 1302 3230; x_wconf 85' lang='grc' dir='ltr'><strong><em>τὸν</em></strong></span> <span class='ocrx_word' id='word_1_293' title='bbox 1349 3166 1611 3250; x_wconf 87' lang='grc' dir='ltr'><strong><em>γέροντά</em></strong></span> <span class='ocrx_word' id='word_1_294' title='bbox 1641 3164 1713 3247; x_wconf 88' lang='grc' dir='ltr'><strong><em>μ’</em></strong></span> <span class='ocrx_word' id='word_1_295' title='bbox 1746 3163 1987 3249; x_wconf 79' lang='grc' dir='ltr'><strong><em>αἰκίσῃ]</em></strong></span> <span class='ocrx_word' id='word_1_296' title='bbox 2037 3162 2127 3227; x_wconf 85' lang='lat' dir='ltr'><strong><em>Cf.</em></strong></span> <span class='ocrx_word' id='word_1_297' title='bbox 2157 3165 2257 3247; x_wconf 85' lang='lat' dir='ltr'><strong><em>Aj.</em></strong></span> <span class='ocrx_word' id='word_1_298' title='bbox 2296 3164 2437 3228; x_wconf 86' lang='lat'><strong>111.</strong></span> <span class='ocrx_word' id='word_1_299' title='bbox 2483 3164 2575 3248; x_wconf 88' lang='grc' dir='ltr'><strong><em>μὴ</em></strong></span> <span class='ocrx_word' id='word_1_300' title='bbox 2626 3164 2780 3248; x_wconf 87' lang='grc' dir='ltr'><strong><em>δῆτα</em></strong></span> 
     </span>
     <span class='ocr_line' id='line_1_30' title="bbox 325 3252 2682 3339; baseline 0 -22"><span class='ocrx_word' id='word_1_301' title='bbox 325 3253 435 3318; x_wconf 85' lang='grc' dir='ltr'><strong><em>τὸν</em></strong></span> <span class='ocrx_word' id='word_1_302' title='bbox 482 3253 788 3338; x_wconf 76' lang='grc' dir='ltr'><strong><em>δύστηνον</em></strong></span> <span class='ocrx_word' id='word_1_303' title='bbox 834 3252 967 3319; x_wconf 82' lang='grc' dir='ltr'><strong><em>ὧδέ</em></strong></span> <span class='ocrx_word' id='word_1_304' title='bbox 1012 3254 1068 3338; x_wconf 86' lang='grc' dir='ltr'><strong><em>γ’</em></strong></span> <span class='ocrx_word' id='word_1_305' title='bbox 1115 3255 1343 3339; x_wconf 80' lang='grc' dir='ltr'><strong><em>αἰκίσῃ.</em></strong></span> <span class='ocrx_word' id='word_1_306' title='bbox 1478 3254 1587 3318; x_wconf 86' lang='grc' dir='ltr'><strong><em>τὸν</em></strong></span> <span class='ocrx_word' id='word_1_307' title='bbox 1634 3254 1895 3337; x_wconf 85' lang='grc' dir='ltr'><strong><em>γέροντά</em></strong></span> <span class='ocrx_word' id='word_1_308' title='bbox 1941 3253 2044 3338; x_wconf 88' lang='grc' dir='ltr'><strong><em>μ’]</em></strong></span> <span class='ocrx_word' id='word_1_309' title='bbox 2094 3252 2183 3319; x_wconf 84' lang='lat' dir='ltr'><strong>cf.</strong></span> <span class='ocrx_word' id='word_1_310' title='bbox 2232 3252 2313 3317; x_wconf 81' lang='lat' dir='ltr'><strong><em>ad</em></strong></span> <span class='ocrx_word' id='word_1_311' title='bbox 2359 3252 2429 3318; x_wconf 91' lang='grc' dir='ltr'><strong>Ο.</strong></span> <span class='ocrx_word' id='word_1_312' title='bbox 2464 3253 2529 3319; x_wconf 84' lang='grc' dir='ltr'><strong>Ο.</strong></span> <span class='ocrx_word' id='word_1_313' title='bbox 2577 3256 2682 3318; x_wconf 86' lang='grc'><strong><em>44.</em></strong></span> 
     </span>
    </p>

    <p class='ocr_par' dir='ltr' id='par_1_8' title="bbox 328 3340 2781 3606">
     <span class='ocr_line' id='line_1_31' title="bbox 512 3340 2781 3429; baseline -0.001 -22"><span class='ocrx_word' id='word_1_314' title='bbox 512 3344 700 3409; x_wconf 87' lang='grc'><strong>1154.</strong></span> <span class='ocrx_word' id='word_1_315' title='bbox 749 3343 1133 3426; x_wconf 83' lang='grc' dir='ltr'><strong><em>ἀποστρέψει</em></strong></span> <span class='ocrx_word' id='word_1_316' title='bbox 1196 3344 1420 3429; x_wconf 82' lang='grc' dir='ltr'><strong><em>χέρας]</em></strong></span> <span class='ocrx_word' id='word_1_317' title='bbox 1485 3342 1992 3427; x_wconf 88' lang='lat' dir='ltr'>Retorquebit</span> <span class='ocrx_word' id='word_1_318' title='bbox 2045 3360 2315 3407; x_wconf 81' lang='lat' dir='ltr'><strong>manus.</strong></span> <span class='ocrx_word' id='word_1_319' title='bbox 2394 3340 2483 3407; x_wconf 85' lang='lat' dir='ltr'><strong><em>Cf.</em></strong></span> <span class='ocrx_word' id='word_1_320' title='bbox 2529 3343 2630 3425; x_wconf 85' lang='lat' dir='ltr'><strong><em>Aj.</em></strong></span> <span class='ocrx_word' id='word_1_321' title='bbox 2681 3345 2781 3406; x_wconf 83' lang='lat'><strong>72.</strong></span> 
     </span>
     <span class='ocr_line' id='line_1_32' title="bbox 331 3431 2781 3517; baseline 0 -21"><span class='ocrx_word' id='word_1_322' title='bbox 331 3432 440 3504; x_wconf 77' lang='grc' dir='ltr'><strong><em>τὰς</em></strong></span> <span class='ocrx_word' id='word_1_323' title='bbox 502 3433 970 3517; x_wconf 78' lang='grc' dir='ltr'><strong><em>αἰχμαλωτίδας</em></strong></span> <span class='ocrx_word' id='word_1_324' title='bbox 1031 3434 1226 3517; x_wconf 88' lang='grc' dir='ltr'><strong><em>χέρας</em></strong></span> <span class='ocrx_word' id='word_1_325' title='bbox 1274 3437 1283 3517; x_wconf 89' lang='grc' dir='ltr'>Ι</span> <span class='ocrx_word' id='word_1_326' title='bbox 1334 3433 1589 3516; x_wconf 86' lang='grc' dir='ltr'><strong><em>δεσμοῖς</em></strong></span> <span class='ocrx_word' id='word_1_327' title='bbox 1652 3432 2112 3497; x_wconf 73' lang='grc' dir='ltr'><strong><em>ἀπευθύνοντα.</em></strong></span> <span class='ocrx_word' id='word_1_328' title='bbox 2178 3432 2373 3496; x_wconf 83' lang='lat' dir='ltr'><strong>Arist.</strong></span> <span class='ocrx_word' id='word_1_329' title='bbox 2429 3431 2577 3514; x_wconf 76' lang='lat' dir='ltr'><strong>LyS.</strong></span> <span class='ocrx_word' id='word_1_330' title='bbox 2634 3433 2781 3497; x_wconf 84' lang='lat'><strong>455.</strong></span> 
     </span>
     <span class='ocr_line' id='line_1_33' title="bbox 328 3520 1865 3606; baseline 0 -22"><span class='ocrx_word' id='word_1_331' title='bbox 328 3522 751 3606; x_wconf 81' lang='grc' dir='ltr'><strong><em>ἀποστρέφετε</em></strong></span> <span class='ocrx_word' id='word_1_332' title='bbox 794 3522 905 3594; x_wconf 84' lang='grc' dir='ltr'><strong><em>τὰς</em></strong></span> <span class='ocrx_word' id='word_1_333' title='bbox 948 3530 1163 3606; x_wconf 88' lang='grc' dir='ltr'><strong><em>χεῖρας</em></strong></span> <span class='ocrx_word' id='word_1_334' title='bbox 1208 3523 1436 3595; x_wconf 80' lang='grc' dir='ltr'><strong><em>αὐτῶν,</em></strong></span> <span class='ocrx_word' id='word_1_335' title='bbox 1485 3520 1542 3586; x_wconf 84' lang='grc' dir='ltr'><strong><em>ὦ</em></strong></span> <span class='ocrx_word' id='word_1_336' title='bbox 1588 3521 1865 3586; x_wconf 89' lang='grc' dir='ltr'><strong><em>Σκύθαι.</em></strong></span> 
     </span>
    </p>

    <p class='ocr_par' dir='ltr' id='par_1_9' title="bbox 509 3627 2780 3716">
     <span class='ocr_line' id='line_1_34' title="bbox 509 3627 2780 3716; baseline -0.001 -23"><span class='ocrx_word' id='word_1_337' title='bbox 509 3631 697 3694; x_wconf 89' lang='grc'><strong>1155.</strong></span> <span class='ocrx_word' id='word_1_338' title='bbox 747 3629 1085 3716; x_wconf 87' lang='grc' dir='ltr'><strong><em>δύστηνος]</em></strong></span> <span class='ocrx_word' id='word_1_339' title='bbox 1134 3627 1232 3696; x_wconf 85' lang='lat' dir='ltr'><strong><em>Sc.</em></strong></span> <span class='ocrx_word' id='word_1_340' title='bbox 1279 3631 1424 3713; x_wconf 79' lang='grc' dir='ltr'><strong><em>ἐγώ.</em></strong></span> <span class='ocrx_word' id='word_1_341' title='bbox 1580 3630 1712 3693; x_wconf 79' lang='grc' dir='ltr'><strong><em>ἀντὶ</em></strong></span> <span class='ocrx_word' id='word_1_342' title='bbox 1757 3628 1933 3713; x_wconf 83' lang='grc' dir='ltr'><strong><em>τοῢ,·]</em></strong></span> <span class='ocrx_word' id='word_1_343' title='bbox 1982 3627 2245 3706; x_wconf 83' lang='lat' dir='ltr'><strong>Quare.</strong></span> <span class='ocrx_word' id='word_1_344' title='bbox 2324 3627 2412 3693; x_wconf 81' lang='lat' dir='ltr'><strong><em>Cf.</em></strong></span> <span class='ocrx_word' id='word_1_345' title='bbox 2461 3628 2541 3692; x_wconf 78' lang='lat' dir='ltr'><strong><em>ad</em></strong></span> <span class='ocrx_word' id='word_1_346' title='bbox 2595 3628 2780 3692; x_wconf 89' lang='grc'><strong>1021.</strong></span> 
     </span>
    </p>

    <p class='ocr_par' dir='ltr' id='par_1_10' title="bbox 509 3717 1214 3784">
     <span class='ocr_line' id='line_1_35' title="bbox 509 3717 1214 3784; baseline 0.001 -2"><span class='ocrx_word' id='word_1_347' title='bbox 509 3719 696 3783; x_wconf 91' lang='grc'><strong>1157.</strong></span> <span class='ocrx_word' id='word_1_348' title='bbox 744 3717 831 3783; x_wconf 81' lang='lat' dir='ltr'><strong>cf.</strong></span> <span class='ocrx_word' id='word_1_349' title='bbox 880 3719 972 3783; x_wconf 88' lang='grc' dir='ltr'><strong>ΕΙ.</strong></span> <span class='ocrx_word' id='word_1_350' title='bbox 1026 3721 1214 3784; x_wconf 88' lang='grc'><strong>1131.</strong></span> 
     </span>
    </p>

    <p class='ocr_par' dir='ltr' id='par_1_11' title="bbox 329 3806 2781 3982">
     <span class='ocr_line' id='line_1_36' title="bbox 511 3806 2780 3893; baseline 0 -22"><span class='ocrx_word' id='word_1_351' title='bbox 511 3810 698 3873; x_wconf 90' lang='grc'><strong>1158.</strong></span> <span class='ocrx_word' id='word_1_352' title='bbox 745 3810 813 3879; x_wconf 78' lang='grc' dir='ltr'><strong><em>ἐς</em></strong></span> <span class='ocrx_word' id='word_1_353' title='bbox 855 3809 990 3873; x_wconf 90' lang='grc' dir='ltr'><strong><em>τόδ’</em></strong></span> <span class='ocrx_word' id='word_1_354' title='bbox 1037 3807 1238 3893; x_wconf 79' lang='grc' dir='ltr'><strong><em>ἥξεις]</em></strong></span> <span class='ocrx_word' id='word_1_355' title='bbox 1286 3809 1383 3874; x_wconf 84' lang='lat' dir='ltr'><strong><em>Sc.</em></strong></span> <span class='ocrx_word' id='word_1_356' title='bbox 1431 3809 1517 3879; x_wconf 77' lang='grc' dir='ltr'><strong><em>εἰς</em></strong></span> <span class='ocrx_word' id='word_1_357' title='bbox 1562 3808 1634 3874; x_wconf 82' lang='grc' dir='ltr'><strong><em>τὸ</em></strong></span> <span class='ocrx_word' id='word_1_358' title='bbox 1680 3808 1956 3873; x_wconf 84' lang='grc' dir='ltr'><strong><em>ὀλέσθαι.</em></strong></span> <span class='ocrx_word' id='word_1_359' title='bbox 2036 3806 2125 3872; x_wconf 84' lang='lat' dir='ltr'><strong><em>Of.</em></strong></span> <span class='ocrx_word' id='word_1_360' title='bbox 2172 3807 2254 3872; x_wconf 77' lang='lat' dir='ltr'><strong><em>ad</em></strong></span> <span class='ocrx_word' id='word_1_361' title='bbox 2303 3810 2400 3891; x_wconf 85' lang='lat' dir='ltr'><strong>Aj.</strong></span> <span class='ocrx_word' id='word_1_362' title='bbox 2447 3808 2633 3872; x_wconf 89' lang='grc'><strong>1365.</strong></span> <span class='ocrx_word' id='word_1_363' title='bbox 2681 3808 2780 3871; x_wconf 78' lang='grc' dir='ltr'><strong><em>ἔν-</em></strong></span> 
     </span>
     <span class='ocr_line' id='line_1_37' title="bbox 329 3895 2781 3982; baseline 0 -22"><span class='ocrx_word' id='word_1_364' title='bbox 329 3895 483 3961; x_wconf 87' lang='grc' dir='ltr'><strong><em>θάδ’</em></strong></span> <span class='ocrx_word' id='word_1_365' title='bbox 530 3898 759 3981; x_wconf 71' lang='grc' dir='ltr'><strong><em>ἵξομαι.</em></strong></span> <span class='ocrx_word' id='word_1_366' title='bbox 806 3896 964 3961; x_wconf 90' lang='lat' dir='ltr'><strong>Phil.</strong></span> <span class='ocrx_word' id='word_1_367' title='bbox 1001 3899 1146 3962; x_wconf 91' lang='lat'><strong>377.</strong></span> <span class='ocrx_word' id='word_1_368' title='bbox 1195 3899 1232 3962; x_wconf 87' lang='grc' dir='ltr'><strong><em>δ</em></strong></span> <span class='ocrx_word' id='word_1_369' title='bbox 1280 3896 1339 3962; x_wconf 93' lang='grc' dir='ltr'><strong><em>δ’</em></strong></span> <span class='ocrx_word' id='word_1_370' title='bbox 1386 3897 1610 3962; x_wconf 78' lang='grc' dir='ltr'><strong><em>ἐνθάδ’</em></strong></span> <span class='ocrx_word' id='word_1_371' title='bbox 1656 3899 1856 3982; x_wconf 79' lang='grc' dir='ltr'><strong><em>ἥκων.</em></strong></span> <span class='ocrx_word' id='word_1_372' title='bbox 1902 3897 2071 3963; x_wconf 87' lang='lat' dir='ltr'><strong>Xen.</strong></span> <span class='ocrx_word' id='word_1_373' title='bbox 2110 3898 2233 3962; x_wconf 87' lang='lat' dir='ltr'><strong><em>An.</em></strong></span> <span class='ocrx_word' id='word_1_374' title='bbox 2265 3896 2347 3961; x_wconf 93' lang='grc' dir='ltr'><strong>Π.</strong></span> <span class='ocrx_word' id='word_1_375' title='bbox 2384 3899 2440 3961; x_wconf 91' lang='grc'><strong><em>5.</em></strong></span> <span class='ocrx_word' id='word_1_376' title='bbox 2475 3897 2577 3961; x_wconf 88' lang='grc'><strong>22.</strong></span> <span class='ocrx_word' id='word_1_377' title='bbox 2624 3895 2781 3960; x_wconf 80' lang='grc' dir='ltr'><strong><em>ἀλλὰ</em></strong></span> 
     </span>
    </p>
   </div>
   <div class='ocr_carea' id='block_1_4' title="bbox 327 3984 2780 4160">
    <p class='ocr_par' dir='ltr' id='par_1_12' title="bbox 327 3984 2780 4160">
     <span class='ocr_line' id='line_1_38' title="bbox 327 3984 2780 4071; baseline 0 -22"><span class='ocrx_word' id='word_1_378' title='bbox 327 3987 387 4049; x_wconf 82' lang='grc' dir='ltr'><strong><em>τί</em></strong></span> <span class='ocrx_word' id='word_1_379' title='bbox 429 3985 507 4069; x_wconf 87' lang='grc' dir='ltr'><strong><em>δὴ</em></strong></span> <span class='ocrx_word' id='word_1_380' title='bbox 552 3986 722 4070; x_wconf 81' lang='grc' dir='ltr'><strong><em>ὑμᾶς</em></strong></span> <span class='ocrx_word' id='word_1_381' title='bbox 768 3987 912 4062; x_wconf 79' lang='grc' dir='ltr'><strong><em>ἐξὸν</em></strong></span> <span class='ocrx_word' id='word_1_382' title='bbox 976 3988 1279 4052; x_wconf 90' lang='grc' dir='ltr'><strong><em>ἀπολέσαι</em></strong></span> <span class='ocrx_word' id='word_1_383' title='bbox 1343 3989 1464 4052; x_wconf 81' lang='grc' dir='ltr'><strong><em>οὐκ</em></strong></span> <span class='ocrx_word' id='word_1_384' title='bbox 1529 3988 1630 4052; x_wconf 76' lang='grc' dir='ltr'><strong><em>ἐπὶ</em></strong></span> <span class='ocrx_word' id='word_1_385' title='bbox 1673 3994 1859 4052; x_wconf 86' lang='grc' dir='ltr'><strong><em>τοῦτο</em></strong></span> <span class='ocrx_word' id='word_1_386' title='bbox 1924 3988 2211 4071; x_wconf 87' lang='grc' dir='ltr'><strong><em>ἤλθομεν</em></strong></span> <span class='ocrx_word' id='word_1_387' title='bbox 2222 4012 2245 4063; x_wconf 87' lang='grc'><strong><em>,·</em></strong></span> <span class='ocrx_word' id='word_1_388' title='bbox 2423 3984 2780 4070; x_wconf 84' lang='grc' dir='ltr'><strong><em>τοῦνδικον]</em></strong></span> 
     </span>
     <span class='ocr_line' id='line_1_39' title="bbox 327 4073 1687 4160; baseline 0.001 -22"><span class='ocrx_word' id='word_1_389' title='bbox 327 4073 474 4139; x_wconf 85' lang='lat' dir='ltr'><strong><em>The</em></strong></span> <span class='ocrx_word' id='word_1_390' title='bbox 519 4076 742 4140; x_wconf 89' lang='lat' dir='ltr'><strong>truth.</strong></span> <span class='ocrx_word' id='word_1_391' title='bbox 821 4074 908 4140; x_wconf 82' lang='lat' dir='ltr'><strong><em>Cf.</em></strong></span> <span class='ocrx_word' id='word_1_392' title='bbox 958 4077 1104 4141; x_wconf 92' lang='grc'><strong>280.</strong></span> <span class='ocrx_word' id='word_1_393' title='bbox 1155 4079 1344 4141; x_wconf 84' lang='grc'><strong>1283.</strong></span> <span class='ocrx_word' id='word_1_394' title='bbox 1391 4078 1491 4160; x_wconf 84' lang='lat' dir='ltr'><strong><em>Aj.</em></strong></span> <span class='ocrx_word' id='word_1_395' title='bbox 1541 4078 1687 4142; x_wconf 89' lang='grc'><strong>546.</strong></span> 
     </span>
    </p>
   </div>
   <div class='ocr_carea' id='block_1_5' title="bbox 325 4179 2783 4627">
    <p class='ocr_par' dir='ltr' id='par_1_13' title="bbox 325 4179 2783 4627">
     <span class='ocr_line' id='line_1_40' title="bbox 509 4179 2778 4270; baseline 0 -24"><span class='ocrx_word' id='word_1_396' title='bbox 509 4183 678 4247; x_wconf 93' lang='grc'><strong>1160</strong></span> <span class='ocrx_word' id='word_1_397' title='bbox 712 4203 804 4268; x_wconf 86' lang='lat' dir='ltr'><strong><em>sq.</em></strong></span> <span class='ocrx_word' id='word_1_398' title='bbox 853 4181 939 4247; x_wconf 82' lang='lat' dir='ltr'><strong><em>Cf.</em></strong></span> <span class='ocrx_word' id='word_1_399' title='bbox 985 4183 1082 4249; x_wconf 84' lang='lat' dir='ltr'><strong><em>Tr.</em></strong></span> <span class='ocrx_word' id='word_1_400' title='bbox 1133 4184 1322 4248; x_wconf 89' lang='grc'><strong>1238.</strong></span> <span class='ocrx_word' id='word_1_401' title='bbox 1379 4184 1542 4268; x_wconf 82' lang='grc' dir='ltr'><strong><em>ἀνὴρ</em></strong></span> <span class='ocrx_word' id='word_1_402' title='bbox 1590 4183 1710 4258; x_wconf 82' lang='grc' dir='ltr'><strong><em>ὅδ’,</em></strong></span> <span class='ocrx_word' id='word_1_403' title='bbox 1768 4184 1861 4256; x_wconf 83' lang='grc' dir='ltr'><strong><em>ὥς</em></strong></span> <span class='ocrx_word' id='word_1_404' title='bbox 1906 4186 2129 4257; x_wconf 81' lang='grc' dir='ltr'><strong><em>ἔοικεν,</em></strong></span> <span class='ocrx_word' id='word_1_405' title='bbox 2185 4185 2263 4248; x_wconf 84' lang='grc' dir='ltr'><strong><em>οὗ</em></strong></span> <span class='ocrx_word' id='word_1_406' title='bbox 2309 4188 2488 4267; x_wconf 84' lang='grc' dir='ltr'><strong><em>νεμεῖ</em></strong></span> <span class='ocrx_word' id='word_1_407' title='bbox 2534 4183 2721 4265; x_wconf 83' lang='grc' dir='ltr'><strong><em>πατρὶ</em></strong></span> <span class='ocrx_word' id='word_1_408' title='bbox 2770 4179 2778 4270; x_wconf 82' lang='grc' dir='ltr'>Ι</span> 
     </span>
     <span class='ocr_line' id='line_1_41' title="bbox 327 4270 2780 4358; baseline 0 -21"><span class='ocrx_word' id='word_1_409' title='bbox 327 4272 614 4356; x_wconf 90' lang='grc' dir='ltr'><strong><em>φθίνοντι</em></strong></span> <span class='ocrx_word' id='word_1_410' title='bbox 656 4279 910 4357; x_wconf 87' lang='grc' dir='ltr'><strong><em>μοῖραν.</em></strong></span> <span class='ocrx_word' id='word_1_411' title='bbox 966 4274 1162 4338; x_wconf 85' lang='lat' dir='ltr'><strong>Arist.</strong></span> <span class='ocrx_word' id='word_1_412' title='bbox 1212 4273 1399 4358; x_wconf 86' lang='lat' dir='ltr'><strong>Vesp.</strong></span> <span class='ocrx_word' id='word_1_413' title='bbox 1453 4274 1596 4337; x_wconf 89' lang='grc'><strong>168.</strong></span> <span class='ocrx_word' id='word_1_414' title='bbox 1651 4274 2005 4356; x_wconf 82' lang='grc' dir='ltr'><strong><em>ἅνθρωπος</em></strong></span> <span class='ocrx_word' id='word_1_415' title='bbox 2059 4270 2244 4345; x_wconf 80' lang='grc' dir='ltr'><strong><em>οὗτος</em></strong></span> <span class='ocrx_word' id='word_1_416' title='bbox 2296 4275 2461 4357; x_wconf 83' lang='grc' dir='ltr'><strong><em>μέγα</em></strong></span> <span class='ocrx_word' id='word_1_417' title='bbox 2516 4297 2570 4337; x_wconf 92' lang='grc' dir='ltr'><strong><em>τι</em></strong></span> <span class='ocrx_word' id='word_1_418' title='bbox 2625 4274 2780 4357; x_wconf 88' lang='grc' dir='ltr'><strong><em>δρα-</em></strong></span> 
     </span>
     <span class='ocr_line' id='line_1_42' title="bbox 326 4361 2782 4447; baseline -0 -20"><span class='ocrx_word' id='word_1_419' title='bbox 326 4363 469 4427; x_wconf 89' lang='grc' dir='ltr'><strong><em>σείει</em></strong></span> <span class='ocrx_word' id='word_1_420' title='bbox 514 4363 736 4428; x_wconf 89' lang='grc' dir='ltr'><strong><em>κακόν.</em></strong></span> <span class='ocrx_word' id='word_1_421' title='bbox 793 4362 902 4426; x_wconf 87' lang='grc' dir='ltr'><strong>ΦΙ.</strong></span> <span class='ocrx_word' id='word_1_422' title='bbox 946 4362 1041 4446; x_wconf 74' lang='lat' dir='ltr'><strong><em>‚ud</em></strong></span> <span class='ocrx_word' id='word_1_423' title='bbox 1085 4362 1194 4428; x_wconf 84' lang='grc' dir='ltr'><strong><em>τὸν</em></strong></span> <span class='ocrx_word' id='word_1_424' title='bbox 1239 4362 1343 4427; x_wconf 89' lang='grc' dir='ltr'><strong><em>Δί’</em></strong></span> <span class='ocrx_word' id='word_1_425' title='bbox 1392 4364 1469 4427; x_wconf 85' lang='grc' dir='ltr'><strong><em>οὗ</em></strong></span> <span class='ocrx_word' id='word_1_426' title='bbox 1519 4361 1670 4446; x_wconf 80' lang='grc' dir='ltr'><strong><em>δῆτ’,</em></strong></span> <span class='ocrx_word' id='word_1_427' title='bbox 1727 4362 1861 4427; x_wconf 87' lang='grc' dir='ltr'><strong><em>ἀλλ’</em></strong></span> <span class='ocrx_word' id='word_1_428' title='bbox 1907 4362 2272 4428; x_wconf 84' lang='grc' dir='ltr'><strong><em>ἀποδόσθαι</em></strong></span> <span class='ocrx_word' id='word_1_429' title='bbox 2316 4363 2633 4447; x_wconf 86' lang='grc' dir='ltr'><strong><em>βούλομαι</em></strong></span> <span class='ocrx_word' id='word_1_430' title='bbox 2671 4399 2782 4426; x_wconf 89' lang='grc'><strong>-.</strong></span> 
     </span>
     <span class='ocr_line' id='line_1_43' title="bbox 325 4450 2781 4537; baseline -0.001 -19"><span class='ocrx_word' id='word_1_431' title='bbox 325 4450 494 4518; x_wconf 81' lang='lat' dir='ltr'><strong>Eccl.</strong></span> <span class='ocrx_word' id='word_1_432' title='bbox 543 4452 692 4516; x_wconf 91' lang='grc'><strong>812.</strong></span> <span class='ocrx_word' id='word_1_433' title='bbox 739 4452 1093 4537; x_wconf 82' lang='grc' dir='ltr'><strong><em>ἅνθρωπος</em></strong></span> <span class='ocrx_word' id='word_1_434' title='bbox 1138 4450 1323 4524; x_wconf 83' lang='grc' dir='ltr'><strong><em>οὗτος</em></strong></span> <span class='ocrx_word' id='word_1_435' title='bbox 1368 4452 1683 4536; x_wconf 86' lang='grc' dir='ltr'><strong><em>ἀποβαλεῖ</em></strong></span> <span class='ocrx_word' id='word_1_436' title='bbox 1717 4452 1832 4536; x_wconf 88' lang='grc' dir='ltr'><strong><em>τὴν</em></strong></span> <span class='ocrx_word' id='word_1_437' title='bbox 1878 4452 2116 4518; x_wconf 82' lang='grc' dir='ltr'><strong><em>οὐσίαν.</em></strong></span> <span class='ocrx_word' id='word_1_438' title='bbox 2268 4455 2336 4524; x_wconf 71' lang='grc' dir='ltr'><strong><em>ἐς</em></strong></span> <span class='ocrx_word' id='word_1_439' title='bbox 2378 4451 2594 4537; x_wconf 78' lang='grc' dir='ltr'><strong><em>τριβὰς</em></strong></span> <span class='ocrx_word' id='word_1_440' title='bbox 2639 4450 2781 4536; x_wconf 70' lang='grc' dir='ltr'><strong><em>ἐλᾷ]</em></strong></span> 
     </span>
     <span class='ocr_line' id='line_1_44' title="bbox 333 4539 2783 4627; baseline -0.001 -21"><span class='ocrx_word' id='word_1_441' title='bbox 333 4539 424 4606; x_wconf 77' lang='lat' dir='ltr'><strong>Of.</strong></span> <span class='ocrx_word' id='word_1_442' title='bbox 476 4542 621 4605; x_wconf 72' lang='lat' dir='ltr'><strong>Ant.</strong></span> <span class='ocrx_word' id='word_1_443' title='bbox 673 4542 819 4604; x_wconf 88' lang='lat'><strong>577.</strong></span> <span class='ocrx_word' id='word_1_444' title='bbox 864 4541 956 4625; x_wconf 88' lang='grc' dir='ltr'><strong><em>μὴ</em></strong></span> <span class='ocrx_word' id='word_1_445' title='bbox 1004 4542 1218 4627; x_wconf 78' lang='grc' dir='ltr'><strong><em>τριβὰς</em></strong></span> <span class='ocrx_word' id='word_1_446' title='bbox 1264 4541 1364 4608; x_wconf 78' lang='grc' dir='ltr'><strong><em>ἔτ’.</em></strong></span> <span class='ocrx_word' id='word_1_447' title='bbox 1413 4542 1606 4606; x_wconf 84' lang='lat' dir='ltr'><strong>Arist.</strong></span> <span class='ocrx_word' id='word_1_448' title='bbox 1654 4542 1810 4608; x_wconf 72' lang='lat' dir='ltr'><strong>Aah.</strong></span> <span class='ocrx_word' id='word_1_449' title='bbox 1862 4542 2007 4606; x_wconf 88' lang='grc'><strong>385.</strong></span> <span class='ocrx_word' id='word_1_450' title='bbox 2052 4543 2111 4605; x_wconf 89' lang='grc' dir='ltr'><strong><em>τί</em></strong></span> <span class='ocrx_word' id='word_1_451' title='bbox 2137 4575 2221 4590; x_wconf 89' lang='lat'><strong><em>--·</em></strong></span> <span class='ocrx_word' id='word_1_452' title='bbox 2251 4543 2492 4625; x_wconf 77' lang='grc' dir='ltr'><strong><em>πορίζει</em></strong></span> <span class='ocrx_word' id='word_1_453' title='bbox 2536 4541 2783 4626; x_wconf 82' lang='grc' dir='ltr'><strong><em>τριβάς,·</em></strong></span> 
     </span>
    </p>
   </div>
   <div class='ocr_carea' id='block_1_6' title="bbox 3462 4643 3463 5281">
    <p class='ocr_par' dir='ltr' id='par_1_14' title="bbox 3462 4643 3463 5281">
     <span class='ocr_line' id='line_1_45' title="bbox 3462 4643 3463 5281; baseline 0 0"><span class='ocrx_word' id='word_1_454' title='bbox 3462 4643 3463 5281; x_wconf 95' lang='lat' dir='ltr'><strong><em> </em></strong></span> 
     </span>
    </p>
   </div>
  </div>
 </body>
</html>
