3463 5287
635 307 762 372 168
1557 325 1811 371 onmrns
1858 327 2159 371 conomms

630 486 971 556 ἐπιτάττεις.
1021 485 1205 569 Resp.
1237 486 1350 550 ΙΙΙ.
1384 506 1440 569 p.
1476 488 1621 549 267.
1669 485 2097 569 σωφροσύνης
2145 486 2215 550 δὲ
2246 485 2339 557 ὡς
2370 486 2600 570 πλήθει
2632 487 2711 549 οὗ
2757 485 2832 548 τὰ
2878 485 3100 548 τοιάδε

628 576 919 658 μέγιστα,·
967 574 1092 639 Cic.
1142 577 1317 639 Brut.
1373 577 1470 639 10.
1504 577 1605 638 41.
1659 575 2136 639 ‘Themistocles
2183 576 2510 639 insecutus
2556 581 2652 639 est
2687 612 2768 621 —
2803 581 2875 639 ut
2918 574 3099 658 apud

630 684 747 729 nos
794 666 1244 748 perantiquus)

811 757 913 817 21.
960 755 1187 828 κάθιζέ
1230 755 1344 818 νύν
1388 754 1503 838 με]
1553 754 1643 818 Cf.
1693 753 1842 817 Eur.
1892 754 2041 816 Her.
2092 754 2238 816 664.
2287 752 2550 836 στρατὸν
2595 755 2861 827 καθίζει.

812 845 913 906 22.
963 843 1051 907 Cf.
1098 842 1192 906 El.
1243 846 1387 906 387.
1436 843 1569 907 ἀλλ’
1617 845 1880 917 ἐξίκοιτο
1926 844 2114 907 τοῦδέ
2160 847 2215 924 γ’
2262 842 2444 907 εἵνεκ’
2492 843 2558 906 ἐν
2604 843 2791 925 τάχει.

813 934 914 995 23.
963 933 1112 996 ὅποι
1157 932 1582 1018 καθέσταμεν]
1640 933 1731 997 Cf.
1782 932 1852 996 O.
1887 932 1957 994 R.
2012 934 2129 996 10..
2155 934 2266 996 τίνι
2310 933 2532 1015 τρόπῳ
2578 933 2925 996 καθέστατε
2971 956 3097 1007 —--,·

630 1022 783 1086 Eur.
831 1022 1059 1087 Bacch.
1115 1023 1255 1085 184.
1319 1029 1447 1087 ποῦ
1504 1024 1715 1104 (ποῖΡ)
1774 1022 1874 1084 δεῖ
1919 1023 2244 1102 πορεύειν,·
2297 1027 2415 1085 ποῖ
2462 1022 2836 1092 καθιστάναι
2884 1022 3095 1096 πόδα,·

634 1114 780 1176 845.
829 1112 914 1182 εἷς
958 1110 1154 1193 βόλον
1199 1112 1580 1175 καθίσταται.
1630 1112 1819 1174 Arist.
1871 1112 1987 1174 Av.
2037 1113 2139 1173 45.
2188 1112 2336 1174 ὅποι
2383 1111 2482 1192 (al.
2531 1111 2725 1184 ὅπου,
2774 1110 2926 1194 ὅπη)
2969 1134 3090 1174 κα-

634 1201 1012 1284 θιδρυθέντε
1060 1200 1483 1283 διαγενοίμεθ’
1531 1201 1625 1263 ἄν.
1674 1199 1844 1264 Ecel.
1895 1201 2041 1263 832.

814 1291 916 1353 25.
962 1294 1087 1360 πᾶς
1135 1327 1217 1336 -—
1265 1290 1382 1373 τις]
1443 1288 1529 1353 Cf.
1579 1291 1768 1353 Arist.
1818 1290 2005 1373 Vesp.
2058 1291 2202 1352 623.
2250 1294 2375 1359 πᾶς
2421 1290 2507 1359 τίς
2553 1314 2747 1371 φησιν
2792 1295 2922 1352 τῶν
2966 1312 3089 1351 πα-

634 1381 916 1462 ριόντων.
965 1379 1121 1443 Ran.
1174 1380 1316 1442 980.
1366 1379 1726 1461 Ἀθηναίων
1783 1380 1951 1448 ἅπας
1996 1403 2099 1449 τις.
2159 1378 2307 1441 ΕΗΓ.
2357 1377 2454 1441 Fr.
2506 1379 2661 1460 689,
2710 1381 2766 1440 2.
2814 1379 2923 1441 καὶ
2966 1384 3092 1448 πᾶς

633 1494 720 1540 τις
767 1470 852 1539 εἰς
907 1468 976 1531 σὲ
1038 1468 1282 1550 βούλετ’
1356 1469 1731 1549 ἀνθρώπων
1788 1469 2105 1551 (βούλεται
2168 1468 2494 1550 βροτῶνῗ)
2557 1469 2789 1549 μολεῖν.
2855 1467 3087 1532 Herod.

638 1561 695 1641 3,
747 1560 890 1621 113.
938 1559 1105 1628 ἅπας
1150 1581 1237 1627 τις
1281 1562 1409 1621 τῶν
1453 1558 1795 1639 ποιμένων.
1931 1557 2114 1621 τοῦτό
2163 1556 2251 1641 γ’]
2303 1556 2387 1619 Cf.
2440 1557 2583 1619 597.
2632 1562 2756 1627 πᾶς
2801 1557 2986 1620 τοῦτό
3034 1555 3088 1637 γ’

625 1648 947 1730 *Ἑλλήνων
1002 1648 1199 1730 θροεῖ.
1258 1648 1404 1710 403.
1551 1646 1882 1730 ἐμπόρων]
1949 1649 2234 1729 ἔμπορος
2303 1647 2550 1710 viator
2615 1647 2716 1708 hic
2781 1645 3094 1728 significat

639 1743 708 1800 ut
753 1739 818 1800 in
852 1736 1080 1799 Aesch.
1114 1736 1263 1800 Cho,
1299 1738 1444 1799 202.
1486 1737 1630 1799 649.
1679 1737 2029 1799 secundum
2077 1736 2494 1800 Homericum
2547 1736 2837 1799 vocabuli
2888 1756 3088 1799 usum.

816 1916 917 1976 27.
966 1916 1138 1997 εἴπερ
1186 1914 1304 1998 -]
1370 1914 1441 1978 If
1503 1915 1778 1978 indeed
1844 1915 1903 1977 it
1966 1914 2028 1976 is
2094 1914 2511 1979 inhabited.
2658 1911 3088 1998 ἒξοικήσιμος]

639 2004 728 2068 Cf.
775 2004 967 2068 Thuo.
1014 2004 1095 2067 Π.
1150 2006 1245 2066 17.
1313 2004 1637 2086 ἒξῳκήθη.
1715 2002 1820 2066 Sic
1884 2005 2233 2085 άρνήσιμος
2297 2024 2408 2085 pro
2474 2003 2743 2086 ἀρνητός
2807 2002 2921 2066 Ph.
2974 2005 3087 2083 74„

638 2094 990 2175 ἀκούσιμος
1035 2113 1148 2176 pro
1196 2092 1506 2163 ἀκουστός
1554 2092 1649 2157 Fr.
1699 2095 1846 2155 823.

818 2184 918 2244 28.
970 2182 1097 2245 δεῖν
1144 2181 1355 2265 οὐδέν]
1405 2181 1500 2244 Sc.
1547 2182 1764 2264 μολεῖν
1809 2205 1917 2244 ποι
1964 2202 2044 2244 ex
2095 2182 2193 2243 26.

821 2273 919 2333 30.
969 2270 1447 2354 ἔξορμώμενον[
1494 2271 1541 2334 Ι.
1590 2291 1641 2335 e.
1691 2271 2061 2334 σπεύδοντα.
2141 2269 2227 2333 Cf.
2272 2271 2486 2334 Trach.
2540 2272 2685 2334 929.

821 2363 919 2423 31.
968 2360 1075 2422 καὶ
1122 2360 1199 2443 δὴ
1248 2360 1367 2441 μὲν
1414 2358 1528 2423 οὖν
1574 2360 1890 2443 παρόντα]
1939 2360 2100 2441 Nay
2148 2361 2490 2441 actually
2541 2367 2864 2442 present.
2947 2360 3090 2423 Sub.

640 2451 794 2530 ὁρῶ.
855 2450 944 2513 Cf.
982 2450 1170 2513 Arist.
1194 2449 1359 2512 Eccl.
1386 2450 1528 2511 786.
1562 2450 1662 2512 ναὶ
1692 2448 1783 2531 μὰ
1818 2450 1933 2511 Δία
1974 2450 2081 2512 καὶ
2114 2449 2191 2530 δὴ
2239 2448 2359 2530 μὲν
2391 2448 2506 2512 οὖν
2546 2453 2556 2533 Ι
2595 2450 2750 2531 τῳδὶ
2797 2451 3092 2523 ξυνάπτω

638 2540 728 2603 τὼ
793 2540 1063 2621 τρίποδε.
1131 2539 1280 2601 ΕΗΓ.
1328 2538 1467 2603 Alo.
1517 2540 1664 2601 820.
1728 2544 1876 2619 μῶν
1941 2541 1979 2621 ἢ
2027 2540 2267 2601 τέκνων
2322 2563 2407 2608 τις
2453 2540 2744 2621 φροῦδος
2800 2542 2838 2621 ἢ
2886 2540 3091 2621 πατὴρ

642 2630 881 2711 γέρων,·
922 2632 929 2711 Ι
979 2626 1113 2692 ΘΕ.
1162 2629 1316 2711 γυνὴ
1364 2627 1484 2710 μὲν
1531 2626 1646 2692 οὖν
1693 2628 1932 2691 ὄλωλεν
1972 2627 2316 2710 Ἀδμήτου,
2365 2629 2515 2701 ξένε.

821 2720 920 2780 33.
971 2717 1060 2780 Cf.
1095 2716 1164 2780 O.
1198 2718 1270 2781 R.
1305 2720 1452 2781 253.
1499 2719 1660 2799 ὑπέρ
1705 2720 1756 2780 τ’
1805 2719 2081 2800 ἐμαυτοῦ
2127 2724 2238 2781 τοῦ
2286 2719 2446 2781 θεοῦ
2491 2743 2570 2780 τε.
2623 2720 2765 2781 541.
2816 2718 2913 2799 Aj.
2948 2718 3092 2780 492.

641 2808 737 2871 El.
788 2808 931 2871 599.
981 2808 1203 2870 Aesoh.
1253 2806 1418 2890 Sept.
1469 2807 1569 2869 30.
1618 2810 1703 2877 εἴς
1750 2811 1798 2869 τ’
1847 2808 2129 2881 ἐπάλξεις
2174 2806 2282 2870 καὶ
2327 2808 2544 2877 πύλας.
2603 2808 2751 2870 ΕΗΓ.
2800 2806 2941 2870 Hel.
2999 2809 3091 2869 14.

641 2899 713 2960 τά
759 2896 812 2959 τ’
860 2897 1007 2958 ὄντα
1055 2896 1162 2959 καὶ
1207 2896 1511 2978 μέλλοντα
1558 2898 1738 2959 πάντ’
1787 2897 2100 2978 ἠπίστατο.
2151 2896 2366 2978 Suppl.
2404 2898 2547 2959 383.
2597 2895 2808 2959 ἐλθὼν
2842 2895 2901 2957 δ’
2935 2896 3094 2975 ὑπέρ

640 2986 691 3049 τ’
740 2983 1036 3049 Ἀσωπὸν
1090 2984 1386 3067 Ἰσμηνοῦ
1452 2986 1519 3048 θ’
1584 2987 1784 3067 ὕδωρ.
1861 2986 1993 3047 Ion.
2049 2988 2232 3048 1284.
2299 2986 2459 3066 ὑπέρ
2523 2984 2574 3047 τ’
2641 2986 2916 3067 ἐμαυτῆς
2985 2991 3093 3048 τοῦ

642 3077 802 3139 θεοῦ
868 3075 953 3138 θ’.
1021 3077 1123 3137 47.
1189 3076 1261 3137 ἔκ
1326 3075 1376 3136 τ’
1435 3075 1797 3158 Ἀθηναίων
1861 3074 2150 3157 χθονὸς]
2200 3074 2504 3156 Σπάρτης
2566 3099 2630 3137 τε
2703 3072 2946 3157 Θηβῶν
3009 3073 3093 3136 θ’.

643 3165 837 3228 Arist.
887 3162 1074 3247 Vesp.
1130 3165 1270 3227 126.
1321 3164 1423 3227 διά
1471 3189 1533 3227 τε
1577 3170 1706 3227 τῶν
1753 3165 2136 3245 ὑδρορροῶν
2176 3164 2184 3246 Ι
2225 3163 2331 3226 καὶ
2375 3169 2505 3227 τῶν
2551 3164 2751 3226 ὀπῶν.

822 3255 923 3316 34.
972 3252 1144 3337 ἡμῖν]
1195 3253 1281 3317 Cf.
1332 3253 1407 3315 ad
1459 3253 1528 3317 Ο.
1561 3254 1632 3317 R.
1687 3254 1874 3315 1482.

823 3344 904 3405 35
938 3362 1028 3425 sq.
1079 3341 1167 3405 Cf.
1203 3342 1364 3406 O.R.
1403 3345 1589 3406 1416.
1639 3341 1772 3405 ἀλλ’
1821 3340 1915 3406 ὥν
1963 3343 2161 3423 (ἅμῬ)
2212 3343 2474 3412 ἓπαιτεῖς
2519 3345 2588 3406 ἐν
2636 3342 2784 3405 δέον
2822 3340 3094 3423 πάρεσθ’

643 3433 754 3496 ὅδε
795 3433 803 3516 Ι
848 3431 1078 3513 Κρέων
1122 3432 1193 3495 τὸ
1240 3433 1541 3513 πράσσειν
1585 3432 1692 3495 καὶ
1738 3431 1808 3494 τὸ
1854 3432 2192 3513 βουλεύειν.

825 3522 925 3585 36.
972 3520 1045 3583 τὰ
1092 3521 1324 3585 πλείον’
1373 3521 1658 3604 ἱστορεῖν]
1709 3521 1797 3585 Cf.
1821 3520 1980 3583 Phil.
2007 3522 2150 3582 576.
2196 3522 2286 3602 μή
2321 3522 2434 3583 νύν
2469 3521 2539 3602 μ’
2573 3522 2684 3603 ἔρῃ
2717 3520 2790 3583 τὰ
2823 3521 3093 3584 πλείονα.

642 3612 738 3675 Tr.
791 3612 933 3674 731.
1000 3616 1179 3692 σιγᾶν
1243 3614 1322 3673 ἂν
1386 3611 1658 3692 ἁρμόζοι
1714 3633 1784 3674 σε
1838 3611 1945 3673 τὸν
1990 3610 2184 3672 πλείω
2231 3611 2420 3690 λόγον
2468 3621 2484 3688 (
2498 3611 2731 3692 χρόνον
2778 3610 2892 3691 al.).
2950 3610 3092 3673 Eur.

644 3700 809 3765 Med.
845 3700 990 3762 609.
1039 3700 1132 3769 ὡς
1179 3702 1255 3763 οὗ
1303 3705 1639 3782 κρινοῦμαι
1686 3701 1889 3763 τῶνδέ
1935 3724 2032 3762 σοι
2078 3698 2150 3761 τὰ
2184 3700 2455 3762 πλείονα.
2507 3700 2732 3762 Aesch.
2785 3702 2901 3782 Ag.
2954 3701 3094 3761 598.

643 3790 716 3853 τὰ
762 3790 994 3873 μάσσω
1045 3828 1125 3835 -
1173 3790 1384 3870 λέγειν.
1435 3791 1627 3852 Arist.
1674 3789 1832 3853 Rau.
1889 3791 2027 3851 160.
2076 3789 2153 3851 οὐ
2200 3790 2465 3862 καθέξω
2511 3794 2703 3852 ταῦτα
2749 3788 2858 3852 τὸν
2904 3789 3094 3852 πλείω

644 3879 894 3962 χρόνον.

826 3971 926 4031 37.
974 3973 1192 4050 χῶρον
1225 4005 1309 4012 -
1343 3967 1461 4050 οὐχ
1495 3966 1688 4049 ἁγνὸν
1719 3966 1954 4050 πατεῖν]
1989 3967 2036 4030 I.
2070 3988 2120 4032 e.
2155 3969 2227 4030 ὃν
2258 3973 2470 4029 πατεῖν
2503 3968 2621 4050 οὐχ
2654 3968 2848 4050 ἁγνόν
2881 3967 3094 4046 (ὅσιόν)

646 4059 784 4121 ἐστι.
864 4056 967 4120 Sic
1018 4058 1243 4120 Aesch.
1283 4056 1461 4120 Eum.
1498 4059 1598 4119 55.
1646 4058 1892 4140 κόσμος
1940 4059 2016 4120 οὗ
2052 4094 2129 4102 -
2167 4057 2380 4139 φέρειν
2429 4058 2687 4127 δίκαιος.
2748 4057 2838 4120 Cf.
2877 4057 3094 4120 Aesch.

647 4147 811 4229 Sept.
866 4147 1008 4208 753.
1075 4147 1240 4217 ὅστις
1302 4147 1390 4229 μὴ
1458 4147 1621 4229 πρὸς
1685 4146 1884 4228 ἁγνὰν
1938 4147 2194 4228 σπείρας
2240 4149 2526 4229 ἤρουραν
2573 4154 2685 4210 etc.
2753 4146 2901 4210 Eur.
2950 4145 3095 4210 Her.

652 4237 838 4300 1011.
888 4237 1008 4318 οὐχ
1040 4236 1230 4317 ἁγνός
1264 4238 1384 4318 εἶμι
1415 4244 1508 4318 τῷ
1537 4237 1821 4299 κτανόντι
1852 4237 2210 4299 κατθανών.
2291 4235 2584 4300 Sotaden]
2619 4236 2786 4319 apud
2823 4235 3094 4318 Apostol.

646 4324 757 4387 VI.
809 4326 906 4387 53.
964 4327 1049 4395 εἷς
1107 4326 1226 4408 οὐχ
1282 4326 1459 4407 ὁσίην
1512 4325 1859 4407 τρυμαλιὴν
1904 4325 1973 4387 τὸ
2020 4327 2278 4408 κέντρον
2325 4327 2535 4395 ὠθεῖς.
2592 4327 2822 4390 Athen.
2874 4325 3001 4388 620
3034 4325 3094 4387 F.

648 4413 745 4478 De
793 4412 1188 4496 Philadelphi
1233 4416 1404 4497 regis
1450 4415 1689 4498 nuptiis
1735 4415 2006 4478 incestis.
