3463 5287
675 399 801 464 188
1599 416 1853 465 omm’us
1898 417 2209 465 conon-us

852 580 998 642 350.
1045 579 1315 661 ὄμβροις
1347 615 1432 625 -
1462 578 1779 664 καύμασι]
1827 576 1914 642 Cf.
1954 577 2053 642 Tr.
2092 578 2233 642 146.
2282 579 2361 642 οὗ
2408 579 2659 649 θάλπος
2703 579 2895 652 θεοῦ,
2938 577 2948 663 Ι
2990 577 3136 644 οὐδ’

673 672 922 754 ὄμβρος
967 705 1053 714 -
1100 668 1326 732 κλονεῖ.

852 759 998 822 351.
1047 756 1286 837 δεύτερ’
1331 756 1594 841 ἡγεῖται]
1662 756 1750 821 Cf.
1798 757 1955 821 Phil.
2009 758 2196 820 1442.
2254 757 2349 827 ὡς
2401 757 2589 820 τᾶλλα
2634 758 2839 821 πάντα
2887 757 3131 839 δεύτερ’

670 850 903 933 ἡγεῖται
947 846 1155 930 πατὴρ
1196 849 1206 929 Ι
1248 845 1427 917 Ζεύς.
1473 845 1572 910 Fr.
1608 847 1756 909 325.
1891 845 1965 909 τὰ
2011 853 2122 929 τῆς
2160 845 2170 924 Ι
2212 848 2377 910 οἴκοι
2415 845 2685 930 διαίτης]
2734 847 2823 912 Of.
2857 845 2953 909 ΕΙ.
2988 849 3140 911 879.

670 938 827 1004 κάπὶ
870 944 998 1008 τοῖς
1039 936 1050 1021 Ι
1089 943 1322 1020 σαυτῆς
1352 941 1618 1000 κακοῖσι.
1667 935 1780 999 Ph.
1815 937 1961 999 263.
2009 936 2072 998 οἱ
2108 936 2119 1020 Ι
2163 935 2362 1000 δισσοὶ
2403 936 2752 1019 στρατηγοί.
2800 938 2952 1000 Ant.
2986 936 3140 1001 409.

670 1028 779 1093 τὸν
818 1027 828 1113 Ι
867 1028 1073 1093 νέκυν.

850 1135 996 1199 355.
1043 1136 1085 1197 ἃ
1148 1133 1323 1197 τοῦδ’
1387 1133 1673 1216 ἐχρήσθη
1749 1132 2078 1217 σώματος]
2146 1131 2233 1196 Cf.
2295 1133 2443 1196 662.
2518 1131 2667 1196 δείν’
2748 1133 3139 1217 ἐπερρώσθη

671 1226 868 1308 λέγειν
907 1223 919 1310 Ι
955 1230 1067 1307 τῆς
1129 1229 1246 1306 σῆς
1310 1223 1586 1305 ἀγωγῆς.
1644 1223 1792 1285 436.
1837 1221 1935 1286 Tr.
1990 1223 2132 1286 170.
2178 1220 2410 1286 τοιαῦτ’
2457 1223 2698 1304 ἔφραζε
2747 1222 2913 1303 πρὸς
2957 1222 3142 1286 θεῶν

672 1315 1020 1398 εἱμαρμένα
1072 1311 1084 1394 Ι
1129 1317 1260 1376 τῶν
1322 1311 1719 1395 Ἡρακλείων
1783 1312 2260 1376 ἕκτελευτᾶσθαι
2323 1311 2561 1375 πόνων.
2633 1313 2732 1394 Aj.
2785 1311 2972 1375 1236.
3038 1311 3139 1375 ΕΙ.

673 1404 821 1469 317.
886 1402 1035 1467 Eur.
1082 1400 1226 1467 Hel.
1275 1403 1421 1466 515.
1494 1403 1745 1484 ἤκουσα
1808 1400 1919 1472 τὰς
1982 1400 2354 1483 θεσπιῳδοῦ
2418 1400 2647 1484 κόρας,
2724 1401 2766 1464 ἃ
2830 1401 3140 1483 χρήζουσ’

672 1494 876 1576 ἐφάνη
926 1497 1043 1557 eto.
1092 1492 1318 1556 Aesch.
1365 1493 1484 1575 Ag.
1523 1490 1712 1554 1367.
1760 1490 1800 1575 ἦ
1850 1489 1973 1573 γὰρ
2023 1527 2105 1536 —
2151 1489 2683 1573 μαντευσόμεσθα
2727 1490 2999 1573 τάνδρὸς
3045 1490 3142 1561 ὡς

674 1582 1022 1657 δλωλότος,·
2831 1606 2836 1609 ’

853 1673 998 1736 358.
1044 1671 1131 1741 τίς
1178 1669 1236 1734 σ’
1287 1708 1353 1715 -
1415 1668 1699 1753 στόλος;]
1757 1670 1805 1734 Ι.
1855 1690 1912 1752 q.
1968 1670 2077 1733 τίνι
2134 1670 2370 1753 ἐξῄρου
2427 1669 2635 1751 στόλῳ
2686 1707 2797 1730 -.
2876 1667 2972 1735 Cf.
3023 1669 3137 1733 Ph.

673 1763 823 1827 244.
887 1761 998 1825 τίνι
1038 1761 1048 1843 Ι
1090 1759 1295 1843 στόλῳ
1357 1760 1706 1842 προσέσχες
1770 1759 1956 1843 τήνδε
2021 1766 2170 1843 γῆν,·
2233 1757 2330 1822 ΕΙ.
2380 1761 2525 1824 782.
2589 1757 2687 1825 Tr.
2738 1760 2840 1822 34.
2908 1759 3137 1823 Aesch.

672 1850 885 1936 Suppl.
934 1853 992 1914 2.
1040 1849 1262 1914 στόλον
1307 1849 1614 1932 ἡμέτερον
1660 1849 1839 1912 νάϊον
1885 1847 2138 1931 ἀρθέντ’
2185 1847 2316 1912 ἀπὸ
2360 1848 2789 1931 προστομίων.

852 1958 997 2022 360.
1042 1955 1327 2041 μὴόὔχὶ
1359 1952 1475 2042 -]
1521 1953 1745 2021 Redde
1792 1956 2117 2019 without
2158 1954 2531 2038 bringing
2575 1975 2690 2020 me
2736 1973 2942 2019 some
2988 1955 3139 2018 tid-

668 2049 847 2131 nige
912 2048 990 2112 of
1046 2046 1289 2115 alarm.
1366 2043 1592 2109 Latine
1658 2045 1844 2128 quin
1909 2045 2213 2109 afferas.
2289 2044 2378 2108 of.
2427 2043 2602 2108 O.R.
2652 2045 2800 2108 220.
2870 2044 2949 2107 οὗ
3015 2043 3138 2127 γὰρ

670 2137 844 2219 (ὥστ’
893 2137 1092 2215 οὖκΡ)
1139 2138 1219 2199 ἂν
1263 2133 1523 2218 μακρὰν
1565 2130 1574 2221 Ι
1614 2136 1864 2217 ἴχνευον
1927 2133 2081 2197 αὐτὸ
2143 2133 2235 2216 μὴ
2300 2135 2420 2199 οὐκ
2477 2135 2648 2217 ἔχων
2691 2157 2746 2196 τι
2792 2132 3137 2215 σύμβολον.

674 2234 738 2291 et
783 2225 861 2289 ad
911 2223 983 2288 Ο.
1017 2224 1089 2288 R.
1142 2226 1243 2288 13.

852 2316 997 2378 362.
1042 2312 1311 2397 τροφὴν]
1362 2313 1458 2377 Gl.
1492 2313 1567 2376 A.
1616 2315 1924 2396 στροφήν·
1975 2313 2315 2395 διαγωγήν.
2395 2310 2482 2375 Cf.
2517 2311 2629 2377 Ph.
2666 2313 2815 2375 544.
2863 2311 3139 2376 ἐκελευσ’

671 2406 818 2487 ἐμοί
859 2429 928 2469 σε
972 2409 1102 2468 ποῦ
1149 2408 1370 2483 κυρῶν
1416 2404 1546 2485 εἴης
1590 2403 1848 2486 φράσαι.
1907 2402 2097 2467 Arist.
2147 2402 2206 2467 N
2210 2401 2312 2466 ub.
2359 2402 2505 2464 731.
2553 2402 2832 2484 ἀθρήσω
2879 2406 3139 2484 πρῶτον

672 2495 714 2558 ὅ
754 2519 808 2557 τι
856 2495 981 2577 δρᾷ
1024 2494 1286 2556 τουτονί.

853 2601 999 2666 363.
1045 2603 1323 2682 παρεῖσῗ
1363 2597 1570 2683 ἐάσω]
1647 2598 2150 2665 Praeteriens
2221 2599 2588 2664 omittam.
2683 2596 2771 2662 Cf.
2829 2596 2982 2662 Eur.
3040 2598 3137 2663 Fr.

680 2693 823 2774 187,
871 2693 929 2754 2.
993 2690 1066 2755 τὰ
1129 2690 1250 2773 μὲν
1302 2690 1441 2755 κατ’
1489 2691 1708 2760 οἴκους
1754 2690 1978 2772 ἀμελίᾳ
2023 2688 2244 2771 παρεὶς
2289 2689 2383 2771 ἐᾷ.
2428 2688 2606 2772 Trag.
2650 2687 2861 2770 adesp.
2896 2690 3046 2768 284,
3079 2690 3137 2752 2.

671 2781 745 2845 τὰ
800 2779 1000 2865 μικρά
1059 2782 1116 2844 δ’
1164 2781 1374 2851 ἄλλοις
1421 2780 1713 2863 δαίμοσιν
1759 2779 1979 2862 παρεὶς
2025 2779 2115 2861 ἐᾷ.
2162 2777 2312 2842 Eur.
2359 2778 2498 2842 Tro.
2547 2778 2693 2842 690.
2754 2776 3001 2860 παρεῖσ’
3049 2778 3139 2841 ἐῶ

674 2871 894 2955 στόμα.

854 2961 999 3024 367.
1047 2961 1263 3023 αὐτοῖν
1308 2959 1387 3043 ἦν
1432 2960 1598 3041 ἔρως
1633 2957 1748 3042 -.]
1798 2958 1886 3021 Cf.
1925 2959 2111 3021 1725.
2143 2956 2244 3020 Fr.
2278 2958 2424 3021 219.
2471 2956 2730 3021 θανόντι
2762 2957 2956 3040 κείνῳ
2989 2981 3136 3022 συν-

674 3051 895 3115 θανεῖν
938 3050 1010 3133 μ’
1058 3050 1225 3131 ἔρως
1270 3051 1411 3131 ἔχει.
1463 3048 1687 3112 Aesch.
1739 3048 1855 3130 Ag.
1905 3048 2050 3110 341.
2099 3047 2270 3111 Pers.
2320 3048 2468 3110 825.
2515 3044 2666 3109 Eur.
2714 3047 2955 3111 Phoen.
2991 3047 3136 3111 908.

673 3141 876 3204 ἐκεῖνο
937 3138 1059 3222 μὲν
1124 3138 1244 3221 γὰρ
1308 3143 1567 3220 πρῶτον
1630 3137 1728 3221 ἦν,
1794 3142 1922 3200 τῶν
1975 3135 2244 3200 Οἰδίπου
2285 3135 2295 3216 Ι
2333 3136 2582 3219 μηδένα
2655 3135 2914 3219 πολίτην
2980 3135 3137 3219 μηδ’

672 3230 888 3293 ἄνακτ’
935 3227 1088 3292 εἶναι
1142 3226 1410 3311 χθονὸς,
1451 3226 1461 3308 Ι
1502 3227 1596 3298 ὡς
1644 3227 2083 3308 δαιμονῶντας
2129 3225 2641 3308 κάνατρέψοντας
2686 3225 2885 3289 πόλιν.

851 3338 997 3401 368.
1044 3336 1414 3419 χραίνεσθαι
1460 3335 1642 3398 πόλιν
1688 3332 1910 3417 φόνῳ]
1960 3332 2048 3397 Cf.
2087 3334 2276 3396 1373.
2323 3334 2537 3414 αἵματι
2576 3331 2585 3414 Ι
2626 3338 2809 3397 πεσεῖ
2844 3332 3138 3415 μιανθεὶς

671 3428 771 3509 χώ
838 3427 1145 3508 ξύναιμος
1217 3426 1286 3499 ἐξ
1348 3426 1504 3489 ἴσου.
1575 3426 1671 3507 Aj.
1719 3425 1823 3487 43.
1892 3424 2111 3487 δοκῶν
2174 3425 2244 3487 ὲν
2299 3424 2449 3504 ὑμῖν
2513 3427 2693 3504 χεῖρα
2768 3423 3138 3504 χραίνεσθαι

671 3516 875 3598 φόνῳ.
925 3515 1150 3580 Aesch.
1198 3512 1365 3598 Sept.
1414 3515 1516 3577 48.
1564 3517 1604 3597 ἢ
1654 3519 1771 3596 γῆν
1818 3512 2122 3583 θανόντες
2165 3512 2352 3594 τήνδε
2399 3512 2707 3595 φυράσειν
2752 3511 2958 3594 φόνῳ.

852 3605 997 3667 369.
1046 3602 1610 3686 λόγῳσκοποῦσι]
1668 3603 1715 3666 Ι.
1766 3623 1823 3684 q.
1881 3602 2328 3684 λογιζομένοις.
2510 3599 2799 3685 φθοράν]
2848 3599 2940 3663 Of.
2989 3602 3138 3666 Ant.

678 3694 864 3756 1224.
912 3693 1148 3757 Herod.
1198 3692 1305 3756 VI.
1363 3694 1457 3755 18.
1506 3693 1727 3774 φθορή
1776 3715 1864 3762 τις
1910 3691 2235 3773 θεήλατος.

851 3784 997 3846 371.
1045 3781 1364 3865 ἀλιτηρίου
1430 3781 1699 3864 φρενὸς]
1777 3781 1867 3844 Cf.
1925 3779 2155 3844 Eubul.
2213 3779 2328 3843 ΠΙ.
2388 3781 2533 3843 247.
2613 3779 3004 3862 φιλάργυρος
3070 3778 3141 3843 δὲ

669 3872 1041 3955 κάλιτήριος.
1092 3870 1316 3954 Eupol.
1350 3869 1430 3934 Il.
1465 3872 1612 3934 490.
1662 3868 2108 3953 Πρωταγόρας
2154 3870 2485 3952 ἁλιτήριος.
2532 3867 2627 3932 Id.
2658 3869 2741 3933 II.
2775 3868 2922 3932 460.
2969 3868 3139 3932 Men.

672 3961 783 4025 IV.
834 3962 979 4025 246.
1027 3961 1297 4026 Damox.
1344 3959 1455 4023 IV.
1507 3960 1653 4022 530.

852 4071 996 4131 372.
1045 4068 1297 4151 εἰσῆλθε
1346 4066 1462 4151 —]
1529 4066 1622 4131 Cf.
1667 4067 1766 4131 Tr.
1816 4068 1961 4130 298.
2028 4066 2169 4149 ἐμοὶ
2235 4065 2356 4148 γὰρ
2404 4064 2611 4136 οἶκτος
2661 4063 2863 4135 δεινὸς
2909 4066 3138 4149 εἰσέβη.

668 4156 768 4221 Fr.
819 4158 964 4221 678.
1030 4159 1364 4241 εἰσέρχεται
1431 4156 1553 4239 γὰρ
1617 4157 1867 4239 ἰχθύων
1923 4156 2161 4237 πλωτῷ
2207 4157 2382 4237 γένει.
2434 4153 2585 4219 Eur.
2634 4154 2767 4238 Iph.
2820 4156 2894 4219 A.
2948 4156 3136 4218 1589.

671 4247 814 4329 ἐμοὶ
861 4248 932 4311 δέ
975 4246 1028 4309 τ’
1075 4248 1268 4330 ἄλγος
1313 4248 1391 4312 οὗ
1436 4245 1670 4328 μικρὸν
1716 4246 1907 4329 εἰσῄει
1953 4246 2151 4328 φρενί.
2200 4244 2434 4309 Herod.
2483 4244 2529 4307 I.
2574 4247 2676 4308 24.
2723 4242 2833 4308 καὶ
2865 4280 2948 4289 —
2982 4249 3137 4308 τοῖσι

671 4337 948 4401 ἐσελθεῖν
994 4336 1116 4420 γὰρ
1163 4336 1407 4420 ἡδονὴν
1453 4341 1569 4400 etc.
1618 4336 1719 4398 86.
1776 4343 1870 4416 τῷ
1917 4335 1986 4399 δὲ
2033 4334 2297 4416 Κροίσῳ
2343 4373 2425 4381 -—
2468 4334 2747 4398 ἐσελθεῖν
2784 4371 2865 4381 —-
2905 4332 2978 4397 τὸ
3022 4338 3135 4397 τοῦ

671 4425 995 4497 Σόλωνος.
1050 4426 1163 4489 III.
1219 4427 1315 4488 14.
1375 4425 1552 4507 αὐτῷ
1604 4449 1668 4488 τε
1716 4423 2038 4507 Καμβύσῃ
2097 4424 2372 4487 ἐσελθεῖν
2419 4422 2631 4487 οἶκτόν
2674 4446 2827 4486 τινα.
2877 4424 2981 4486 42.
3026 4421 3136 4486 τὸν

673 4516 860 4598 (τῷΡ)
909 4515 979 4579 δὲ
1026 4515 1118 4585 ὡς
1165 4513 1395 4599 ἐσῆλθε
1440 4514 1619 4578 θεῖον
1664 4512 1819 4578 εἶναι
1862 4513 1933 4577 τὸ
1975 4519 2259 4598 πρῆγμα.
2307 4512 2418 4576 VI.
2459 4514 2598 4576 125.
2646 4511 2862 4577 ἰδόντα
2911 4510 2982 4577 δὲ
3025 4509 3135 4576 τὸν
