3463 5287
751 466 834 532 50
1829 482 2125 531 ammom

936 648 1077 710 178.
1126 647 1422 710 εὐθύνων
1467 646 1672 731 πόλιν]
1741 647 1829 710 Cf.
1885 646 2070 708 1164.
2120 645 2189 709 O.
2223 644 2295 707 R.
2351 646 2492 708 104.
2560 643 2947 708 ἀπευθύνων
2995 641 3157 707 πόλιν.

749 736 977 801 Aesch.
1026 737 1196 800 Pers.
1249 738 1391 799 779.
1456 736 1682 817 Κύρου
1750 736 1819 799 δὲ
1883 742 2030 805 παῖς
2091 737 2379 815 τέταρτος
2433 735 2676 817 ηὔθυνε
2723 734 2996 814 στρατόν.
3037 733 3158 797 Eur.

748 825 903 890 Hec.
956 827 1011 888 9.
1058 825 1213 887 λαὸν
1259 826 1554 888 εὐθύνων
1603 826 1759 905 δορί.
1836 823 2049 907 Suppl.
2099 826 2246 887 442.
2314 824 2622 906 εὐθυντὴς
2667 824 2923 905 χθονός.
2974 824 3161 885 Aesch.

747 914 917 979 Pers.
970 915 1113 977 766.
1162 921 1484 997 σκῆπτρον
1530 915 1960 996 εὐθυντήριον.

929 1005 1072 1067 179.
1120 1005 1371 1066 ἅπτεται
1415 1000 1894 1087 βουλευμάτων]
1943 1000 2030 1065 Cf.
2081 1004 2271 1065 Arist.
2319 1001 2474 1065 Ran.
2525 1003 2671 1064 894.
2719 999 2814 1065 ὧν
2860 1003 2940 1064 ἂν
2981 1002 3163 1065 {imm-

744 1117 861 1175 μαι
923 1093 1149 1174 λόγων.
1215 1092 1381 1156 Eccl.
1442 1094 1585 1155 581.
1650 1093 1841 1155 Thuc.
1893 1090 2066 1155 VIII.
2118 1093 2217 1154 92.
2293 1093 2462 1173 ἔργῳ
2537 1092 2663 1173 ἤδη
2736 1092 3003 1173 ἥπτοντο
3057 1096 3167 1153 τῶν

746 1184 1158 1264 πραγμάτων.
1207 1182 1503 1245 Aeschin.
1536 1182 1584 1245 I.
1621 1184 1721 1244 53.
1757 1180 1908 1245 οὐδὲ
1937 1180 2274 1263 βελτιόνων
2307 1182 2647 1263 διατριβῶν
2677 1182 2906 1262 ἥψατο.
2941 1178 3169 1242 Lucian.

747 1274 963 1335 Amor.
1015 1273 1115 1334 31.
1180 1272 1485 1334 πλείστων
1550 1272 1886 1352 ἁψάμενος
1940 1269 2258 1351 Χαρίτων.
2337 1269 2494 1332 Plat.
2549 1270 2795 1333 Theaet.
2856 1270 2999 1332 283.
3055 1269 3169 1331 τίνα

745 1361 897 1424 ποτὲ
942 1361 1181 1441 τρόπον
1226 1362 1493 1441 ἅψοιντο
1538 1367 1650 1423 τοῦ
1696 1360 1909 1442 λόγου.

927 1451 1069 1513 180.
1119 1450 1408 1531 γλῶσσαν
1473 1449 1815 1533 ἐγκλῄσας]
1893 1447 1980 1511 Cf.
2039 1450 2183 1512 505.
2260 1449 2316 1511 εἰ
2372 1448 2462 1530 μὴ
2541 1450 2834 1530 γλῶσσαν
2902 1447 3173 1530 ἕγκλῄσαι

749 1539 971 1623 φόβος.
1016 1539 1291 1622 Theogn.
1347 1540 1488 1602 178.
1538 1540 1792 1620 γλῶσσά
1840 1540 1902 1602 οῖ
1947 1537 2204 1601 δέδεται.

928 1629 1069 1692 181.
1120 1627 1211 1691 Of.
1260 1628 1354 1690 El.
1405 1630 1551 1692 676.
1614 1628 1874 1692 θανόντ’
1931 1626 2235 1709 Ὀρέστην
2298 1632 2411 1689 νῦν
2474 1651 2538 1690 τε
2601 1627 2709 1689 καὶ
2769 1626 2960 1688 πάλαι
3013 1626 3173 1707 λέγω.

742 1718 919 1802 Trag.
964 1718 1063 1782 Fr.
1110 1719 1344 1800 Adesp.
1394 1720 1495 1780 84.
1545 1718 1794 1797 (οὕτως)
1842 1718 2055 1799 ἔμοιγε
2100 1723 2214 1779 νῦν
2258 1740 2322 1778 τε
2367 1716 2474 1778 καὶ
2518 1716 2710 1778 πάλαι
2760 1715 2949 1778 δοκεῖ.

927 1809 1068 1870 182.
1115 1806 1352 1888 μείζον’
1400 1844 1485 1852 -
1534 1807 1663 1869 ἀντὶ
1726 1814 1838 1889 τῆς
1885 1808 2002 1886 -]
2078 1803 2166 1867 Cf.
2221 1805 2318 1867 Tr.
2378 1807 2523 1867 577.
2591 1805 2739 1867 Eur.
2788 1802 2999 1888 Suppl.
3043 1806 3175 1866 421.

743 1897 780 1958 ὁ
838 1896 958 1977 γὰρ
1014 1897 1248 1979 χρόνος
1311 1897 1596 1978 μάθησιν
1661 1897 1793 1958 ἀντὶ
1855 1902 1967 1959 τοῦ
2032 1895 2312 1977 τάχουςΙ
2362 1897 2635 1975 κρείσσω
2702 1894 2940 1958 δίδωσι.
3006 1895 3178 1957 Arist.

742 1984 932 2067 Vesp.
981 1986 1127 2047 209.

924 2075 1067 2137 183.
1116 2075 1410 2157 οὐδαμοῦ
1475 2074 1673 2158 λέγω]
1739 2074 1772 2137 Ι
1835 2074 2046 2137 make
2113 2093 2203 2136 no
2270 2079 2595 2136 account
2659 2074 2743 2135 of.
2823 2070 2911 2134 Cf.
2969 2074 3180 2135 Aesch.

745 2163 915 2227 PerS.
948 2164 1095 2226 498.
1142 2163 1337 2234 θεοὺς
1382 2166 1663 2245 νομίζων
1710 2164 2023 2245 οὐδαμοῦ.
2071 2161 2219 2225 Eur.
2252 2162 2384 2246 Iph.
2416 2163 2478 2225 T.
2519 2163 2661 2224 115.
2711 2161 2898 2224 δειλοὶ
2945 2161 3002 2225 δ’
3046 2161 3185 2224 εἰσὶν

743 2252 932 2316 οὐδὲν
979 2254 1290 2334 οὐδαμοῦ.
1338 2252 1487 2315 Eur.
1522 2252 1569 2315 F
1574 2274 1617 2315 r.
1653 2254 1799 2316 618.
1847 2252 1955 2316 τὸν
2002 2252 2195 2335 ὄλβον
2242 2251 2430 2314 οὐδὲν
2467 2250 2763 2333 οὐδαμοῦ
2794 2251 2994 2331 κρίνω
3036 2252 3184 2333 βρο-

741 2348 882 2412 τοῖς.
940 2342 1275 2406 Philetaer.
1327 2343 1391 2423 9,
1441 2343 1497 2404 6.
1555 2342 1909 2424 Κοσσύφας
1966 2341 2036 2405 δὲ
2090 2341 2197 2404 καὶ
2242 2339 2537 2423 Γαλήνας
2591 2340 2699 2403 καὶ
2745 2338 3058 2421 Κορώνας
3111 2341 3188 2403 οὐ

740 2432 924 2513 λέγω.
972 2431 1222 2495 Ruhnk.
1271 2432 1351 2494 ad
1400 2430 1565 2494 Xen.
1616 2430 1801 2494 Mem.
1848 2430 1929 2494 Π.
1983 2432 2035 2492 1.
2087 2433 2186 2492 52.

926 2522 1066 2583 184.
1115 2523 1265 2583 ἴστω
1314 2519 1508 2604 Ζεὺς]
1558 2520 1646 2583 Cf.
1696 2519 1766 2583 O.
1802 2519 1866 2583 C.
1918 2521 2063 2582 521.
2110 2518 2265 2589 θεὸς
2310 2521 2477 2582 ἴστω.
2524 2519 2619 2581 Tr.
2670 2520 2815 2581 399.

928 2612 1066 2673 185.
1115 2611 1268 2693 ἄτην
1315 2610 1492 2692 ὁρῶν
1532 2612 1540 2692 Ι
1581 2611 1946 2692 στείχουσαν
2001 2608 2242 2693 ἀστοῖς]
2310 2608 2402 2673 Cf.
2456 2610 2553 2672 10.
2619 2610 2660 2691 ἤ
2708 2632 2776 2672 σε
2838 2608 3131 2672 λανθάνει
3183 2608 3191 2693 Ι

741 2701 904 2780 πρὸς
948 2699 1094 2769 τοὺς
1140 2701 1362 2780 φίλους
1395 2702 1708 2781 στείχοντα
1740 2705 1868 2762 τῶν
1900 2699 2160 2780 ἐχθρῶν
2190 2700 2395 2774 κακά,·
2440 2697 2535 2762 ΕΙ.
2572 2701 2716 2762 374.
2765 2699 2822 2761 εἰ
2860 2698 2950 2781 μὴ
2993 2698 3198 2761 κακὸν

739 2792 1029 2870 μέγιστον
1094 2790 1179 2858 εἰς
1242 2790 1437 2870 αὐτὴν
1502 2789 1598 2851 ἰὸν
1639 2788 1647 2867 Ι
1688 2787 1932 2869 ἤκουσ’.
2000 2788 2070 2852 O.
2106 2787 2170 2850 C.
2223 2789 2409 2850 1771.
2477 2781 2648 2851 ἰόντα
2713 2788 2918 2870 φόνον
2957 2789 2966 2869 Ι
3007 2794 3200 2850 τοῖσιν

741 2879 1057 2960 ὁμαίμοις.
1104 2878 1333 2941 Aesch.
1384 2877 1484 2939 Pr.
1541 2879 1726 2939 1125.
1782 2877 1981 2940 τοιάδ’
2030 2877 2129 2940 ἐπ’
2177 2878 2319 2959 ἐμοὶ
2365 2877 2515 2960 ῥιπὴ
2567 2877 2797 2940 Διόθεν
2838 2879 2846 2958 Ι
2887 2878 3200 2958 τεύχουσα

740 2969 950 3050 φόβον
1014 2968 1230 3049 στείχει
1295 2972 1609 3048 φανερῶς.
1677 2964 1855 3029 Dem.
1906 2987 1962 3050 p.
2012 2968 2158 3029 419.
2223 2967 2336 3049 τὴν
2400 2968 2553 3049 ἄτην
2611 2967 2787 3047 ὁρῶν
2834 2967 3206 3048 στείχουσαν

739 3064 868 3126 τοῖς
914 3058 1121 3126 ἀστοῖς
1176 3056 1308 3118 ἀντὶ
1358 3063 1466 3139 τῆς
1523 3059 1851 3138 σωτηρίας.
1917 3055 2152 3120 Herod.
2199 3056 2248 3119 I.
2300 3058 2400 3118 33.
2465 3057 2618 3139 ἄτην
2672 3055 2953 3138 μεγάλην
2997 3079 3204 3136 προσ-

738 3152 1057 3209 πεσοῦσαν
1103 3146 1345 3209 ἐνεῖκαι.

924 3236 1064 3297 187.
1115 3235 1397 3317 δυσμενῆ
1460 3233 1733 3319 χθονὸς]
1801 3234 1892 3298 Cf.
1951 3238 2048 3318 Aj.
2105 3237 2244 3297 104.
2317 3235 2425 3296 τὸν
2491 3234 2605 3297 σὸν
2671 3234 2980 3316 ἒνστάτην.
3053 3234 3211 3297 572.

748 3324 889 3385 726.
937 3323 1087 3387 Eur.
1130 3323 1548 3410 Phoen2609.
1591 3326 1893 3405 πατρίδος
1926 3362 2005 3370 ——-
2041 3325 2358 3405 πολέμιος.
2414 3324 2601 3385 1666.
2647 3323 2896 3393 πόλεως
2943 3323 3215 3405 ἐχθρός.

739 3412 905 3476 Xen.
952 3413 1119 3477 Heu.
1171 3413 1245 3474 V.
1294 3415 1331 3474 2
1384 3415 1484 3476 33.
1533 3415 1855 3495 ὑμετέροις
1904 3415 2252 3495 δυσμενέσι.

924 3503 1065 3565 190.
1114 3501 1352 3585 ὀρθῆς]
1403 3501 1489 3564 Cf.
1522 3503 1714 3566 Thuc.
1749 3504 1829 3567 II.
1863 3505 1964 3567 40.
2015 3503 2092 3564 οὐ
2142 3502 2262 3583 γὰρ
2310 3502 2656 3582 πάσχοντες
2692 3499 2762 3564 εὐ
2795 3501 2949 3564 ἀλλά
2986 3502 3216 3581 δρῶν-

736 3616 833 3662 τες
879 3591 1185 3673 κτώμεθα
1232 3591 1380 3661 τοὺς
1425 3593 1661 3673 φίλους.
1718 3592 1947 3655 Aesch.
1993 3591 2075 3654 II.
2130 3593 2271 3653 173.
2330 3591 2572 3673 ὀρθῆς
2625 3592 2776 3673 ἡμῖν
2821 3597 2930 3673 τῆς
2977 3593 3218 3671 πατρί-

739 3682 851 3751 δος
897 3682 1109 3763 οὔσης.

919 3771 1062 3832 191.
1111 3770 1292 3842 αὔξω
1348 3768 1552 3853 πόλιν]
1620 3770 1710 3833 Cf.
1770 3769 1918 3832 Eur.
1976 3770 2108 3853 Iph.
2158 3774 2235 3832 A.
2287 3763 2460 3832 572(
2494 3771 2693 3851 μείζω
2758 3769 2939 3831 πόλιν
3008 3770 3227 3842 αὔξει.

736 3860 952 3942 Suppl.
989 3860 1134 3920 517.
1180 3859 1451 3939 πατρίδα
1484 3859 1570 3931 θ’,
1618 3861 1698 3940 ἣν
1729 3861 1941 3931 αὔξειν
1987 3861 2212 3942 χρεών.
2264 3861 2409 3922 323.
2459 3860 2524 3921 ἒν
2571 3858 2692 3939 γὰρ
2739 3864 2865 3927 τοῖς
2910 3858 3232 3921 πόνοισιν

738 3950 991 4021 αὔξεται
1038 3949 1135 4030 (σὴ
1184 3949 1443 4028 πατρίς).
1490 3947 1680 4010 Tacit.
1728 3951 1897 4010 Anu.
1945 3949 1992 4011 I.
2043 3951 2143 4011 31.
2214 3948 2389 4011 ‘Suis
2436 3948 2719 4010 victoriis
2766 3950 2987 4030 augeri
3041 3967 3234 4010 rem-

781 4037 1096 4100 ublicam.’

736 4057 776 4120 p
920 4128 1061 4189 192.
1111 4125 1358 4207 ἀδέλφὰ
1404 4126 1637 4210 τῶνδε]
1688 4125 1777 4188 Cf.
1814 4125 1884 4190 O.
1919 4124 1981 4189 C.
2020 4127 2208 4188 1262.
2256 4124 2500 4206 ἀδελφὰ
2549 4126 2853 4188 τούτοισιν
2885 4129 2978 4204 (Ρ)
3014 4132 3251 4207 φορεῖ

734 4252 821 4260 —
866 4216 1238 4298 θρεπτήρια.
1304 4214 1461 4279 Plat.
1510 4216 1777 4279 Phaedr.
1828 4216 1972 4279 276.
2039 4216 2157 4278 ὅσα
2204 4216 2443 4277 τούτων
2490 4214 2753 4296 ἀδελφά.
2811 4215 3002 4298 Soph.
3062 4218 3243 4278 224.

736 4305 999 4387 ἀδελφῷ
1055 4329 1167 4367 τινι
1221 4311 1331 4387 τῆς
1385 4305 1684 4385 πράξεως
1741 4305 2014 4386 ὀνόματι.
2071 4303 2257 4386 Resp.
2309 4303 2483 4366 VIII.
2537 4306 2682 4366 558.
2739 4305 2985 4367 τούτων
3052 4305 3249 4366 ἄλλα

736 4395 998 4476 ἀδελφά.
1046 4394 1238 4457 Isocr.
1286 4414 1343 4476 p.
1395 4397 1477 4456 55
1511 4397 1587 4456 A.
1635 4393 1882 4476 ἀδελφὰ
1932 4394 2000 4457 δὲ
2045 4399 2173 4456 τῶν
2221 4394 2592 4475 εἰρημένων.

915 4485 1058 4546 193.
1106 4485 1359 4546 παίδων
1404 4488 1532 4546 τῶν
1580 4483 1689 4545 ἀπ’
1747 4482 2045 4566 Οἰδίπου]
2103 4481 2192 4545 Cf.
2243 4483 2340 4564 Aj.
2392 4484 2538 4546 202.
2598 4487 2813 4564 γενεᾶς
2869 4481 2983 4544 ἀπ’
3027 4482 3256 4565 Ἐρε-

731 4573 1016 4655 χθειδᾶν.
1084 4573 1248 4636 Phil.
1297 4572 1443 4636 260.
1513 4571 1572 4636 ὦ
1638 4580 1760 4636 παῖ
1814 4570 2051 4653 πατρὸς
2116 4574 2184 4645 ἐξ
2239 4572 2585 4655 Ἀχιλλέως.
2637 4573 2781 4634 940.
2831 4572 2869 4634 ό
2914 4578 3089 4642 παῖς
3157 4609 3264 4617 —
