3463 5287
613 384 744 447 234
1544 402 1796 448 campus
1842 404 2139 449 commus

796 562 982 625 1206.
1031 562 1369 647 ἐλεύσεται]
1420 562 1509 625 Cf.
1554 561 1653 625 Tr.
1703 563 1848 625 595.
1901 563 2124 627 Aesch.
2172 562 2272 625 Pr.
2321 564 2467 627 853.
2516 563 2731 647 Suppl.
2783 565 2928 628 531.

796 652 982 715 1207.
1028 651 1251 735 μηδεὶς
1295 651 1629 737 κρατείτω]
1680 651 1813 715 Let
1856 672 1948 715 no
1996 672 2135 718 one
2180 650 2490 718 become
2536 658 2817 717 master
2862 658 3066 737 (pos-

612 741 914 819 sessed).
992 739 1097 805 Sic
1140 740 1296 824 μηδ’
1343 742 1538 805 αὐτοῦ
1584 741 1772 805 θάνω
1820 744 1991 821 (nor
2035 742 2139 806 let
2183 760 2295 805 1116
2342 741 2462 805 die
2511 743 2736 822 here).

796 831 983 893 1210.
1031 829 1108 893 σὺ
1158 830 1216 894 ὀ’
1261 832 1359 894 ὢν
1404 835 1535 902 σῶς
1581 829 1744 915 ἴσθ’]
1794 829 1880 894 Cf.
1929 830 2041 894 Ph.
2090 831 2191 893 21.
2238 832 2411 912 εἴπερ
2458 831 2582 895 ἐστὶ
2627 837 2780 895 σῶν.

796 921 982 984 1211.
1028 925 1142 983 τοῦ
1196 920 1463 990 πλέονος
1514 921 1755 1003 μέρους
1808 919 2056 1005 χρῄζει]
2124 919 2215 984 Cf.
2267 921 2410 984 778.
2477 920 2546 985 Ο.
2580 921 2651 985 R.
2703 922 2847 985 933.
2913 922 3064 985 ὅτου

611 1012 872 1094 χρῄζων
935 1010 1168 1092 ἀφῖξαι.
1245 1010 1390 1073 597.
1455 1010 1642 1073 σέθεν
1703 1010 2057 1093 χρῄζοντες.
2135 1009 2296 1074 Phil.
2358 1010 2545 1073 1100.
2618 1017 2729 1074 τοῦ
2797 1011 3066 1082 πλέονος

614 1107 737 1182 (qu.
785 1097 1070 1169 λωΐονος.
1117 1099 1310 1164 schol.
1357 1105 1470 1163 τοῦ
1516 1099 2032 1181 λυσιτελεστέρου)
2082 1099 2403 1181 ὁαίμονος.
2458 1101 2556 1182 Aj.
2605 1100 2752 1163 473.
2800 1101 3064 1183 αἰσχρὸν

614 1188 734 1271 γὰρ
781 1188 985 1270 ἅνὸρα
1032 1194 1143 1252 τοῦ
1188 1194 1446 1271 μακροῦ
1493 1189 1748 1272 χρῄζειν
1790 1189 1952 1271 βίου.

796 1278 982 1341 1212.
1030 1277 1238 1363 ζώειν]
1288 1277 1512 1342 Forma
1557 1277 1736 1342 verbi
1783 1279 1962 1360 opica
2005 1279 2074 1340 in
2121 1297 2310 1341 versu
2357 1277 2675 1360 dactylico
2723 1298 3065 1343 occurrens

613 1366 706 1430 El.
745 1368 887 1431 157.
936 1369 1037 1431 οἵα
1069 1365 1486 1450 Χρυσόθεμις
1533 1368 1697 1441 ζώει.
1747 1372 1811 1431 et
1855 1368 2117 1431 fortasse
2163 1368 2235 1430 in
2284 1386 2471 1431 versu
2518 1368 2710 1432 troch.
2754 1367 2914 1432 dact.
2964 1369 3063 1432 Fr.

616 1458 760 1519 520.
827 1457 984 1532 ζώοι
1047 1458 1114 1537 (f.
1162 1457 1298 1539 ζώῃ
1347 1462 1460 1519 aut
1505 1457 1706 1539 ζήτω)
1770 1480 1858 1526 τις
1920 1456 2295 1539 ἀνθρώπων
2347 1455 2419 1520 τὸ
2474 1457 2612 1520 κατ’
2660 1453 2837 1540 ἀμαρ
2883 1458 3065 1529 ὅπως

612 1546 830 1630 ἥὸιστα
879 1546 1237 1631 πορσύνων.
1286 1546 1436 1609 Eur.
1485 1546 1619 1609 Alo.
1646 1546 1790 1609 716.
1867 1546 1990 1609 Sed
2040 1546 2411 1610 mendosum
2461 1545 2669 1610 forsan
2720 1551 2815 1610 est
2860 1548 3064 1621 ζώειν.

701 1642 812 1699 τοῦ
856 1636 1112 1718 μετρίου
1158 1633 1411 1719 παρεὶς]
1459 1634 1609 1700 Sub.
1640 1635 1912 1720 χρῄζειν.
1961 1635 2055 1698 Gl.
2086 1635 2150 1698 Τ.
2196 1640 2307 1698 τοῦ
2345 1637 2631 1717 μετρίου,
2677 1641 2789 1699 τοῦ
2821 1637 3063 1700 ἱκανοῦ.

797 1726 983 1788 1213.
1030 1725 1413 1788 σκαιοσύναν
1475 1724 1846 1809 φυλάσσων]
1913 1722 1998 1787 Cf.
2048 1724 2118 1787 O.
2150 1724 2222 1788 R
2273 1726 2417 1788 382.
2493 1725 2645 1795 ὅσος
2707 1725 2861 1807 παρ’
2915 1726 3066 1809 ὑμῖν

613 1816 650 1879 ὁ
697 1815 948 1897 φθόνος
993 1814 1388 1897 φυλάσσεται.

796 1905 981 1966 1214.
1029 1905 1097 1968 ἓν
1144 1903 1317 1988 ἐμοὶ]
1375 1903 1466 1968 Cf.
1514 1904 1592 1967 ad
1643 1902 1712 1966 0.
1748 1901 1818 1966 R.
1868 1904 2012 1967 677.
2078 1903 2145 1965 ἐν
2211 1860 2280 1966 όὲ
2325 1903 2517 1967 τοῖσιδ’
2563 1905 2711 1974 ἴσος.
2768 1904 2918 1968 Eur.
2969 1904 3063 1968 Fr.

616 1996 762 2069 347,
797 1994 852 2056 3.
900 1994 969 2056 ἔν
1015 1993 1072 2076 γ’
1119 1993 1261 2076 ἐμοὶ
1306 1993 1561 2075 κρίνοιτ’
1608 1994 1688 2056 ἂν
1736 1993 1814 2055 οὗ
1864 1992 2080 2062 καλῶς
2124 1998 2385 2075 φρονεῖν
2424 1992 2433 2069 Ι
2475 1993 2639 2063 ὅστις
2673 2030 2754 2039 -
2769 1994 3063 2077 ..Amph

615 2084 717 2164 21,
752 2084 807 2145 3.
852 2083 1118 2164 μάταιός
1164 2083 1325 2146 ἐστιν
1371 2084 1437 2146 ἔν
1485 2086 1540 2164 γ’
1587 2082 1730 2164 ἐμοὶ
1776 2082 1882 2145 καὶ
1912 2087 2039 2152 τοῖς
2070 2088 2297 2164 σοφοῖς
2327 2082 2452 2145 κτλ.
2502 2083 2693 2146 Arist.
2714 2042 2811 2146 Ε1.
2836 2084 2960 2146 267
2987 2082 3063 2146 Κ.

800 2172 984 2234 1215.
1033 2172 1352 2237 0011116616
1397 2171 1598 2235 πολλὰ
1648 2171 1757 2254 ὀὴ,
1809 2171 2041 2234 multa
2085 2190 2280 2234 88116.
2426 2173 2492 2234 αἱ
2534 2172 2778 2255 μακραὶ
2810 2173 3062 2257 ἁμέραι]

616 2261 868 2343 Longa
933 2261 1114 2325 dies.
1202 2260 1289 2323 Of.
1350 2259 1418 2323 O.
1451 2259 1524 2323 R.
1576 2261 1720 2323 561.
1793 2260 2033 2342 μακροὶ
2103 2261 2363 2324 παλαιοί
2427 2260 2480 2322 τ’
2544 2262 2624 2325 ἂν
2693 2262 3066 2344 μετρηθεῖεν

612 2350 848 2433 χρόνοι.
927 2349 1034 2414 816
1080 2350 1118 2414 ὁ
1162 2349 1415 2433 μακρὸς
1459 2350 1692 2433 χρόνος
1739 2348 1851 2412 Ρ11.
1903 2350 2047 2412 306.
2100 2350 2323 2414 Aesoh.
2373 2349 2580 2413 Prom.
2629 2350 2776 2413 449.

798 2440 984 2503 1218.
1032 2438 1230 2523 ὅπου]
1298 2438 1387 2503 Cf.
1435 2441 1535 2521 Aj.
1585 2439 1730 2502 890.
1797 2439 1929 2502 ἀλλ’
1994 2438 2312 2521 ἀμενηνὸν
2375 2439 2578 2522 ἅνὸρα
2640 2439 2731 2523 μὴ
2789 2440 3067 2504 λεύσσειν

613 2529 797 2592 ὅπου.
865 2530 1012 2591 Ant.
1063 2529 1208 2592 318.
1272 2529 1331 2591 τί
1372 2528 1441 2592 δὲ
1498 2529 1827 2610 ῥυθμίζεις
1879 2528 1991 2611 τὴν
2047 2527 2207 2610 ἐμὴν
2252 2528 2457 2611 λύπην
2503 2529 2702 2604 ὅπου,·
2769 2530 2866 2613 Aj.
2922 2531 3064 2592 103.

614 2618 652 2702 ἧ
700 2618 1135 2701 τούπίτριπτον
1198 2617 1457 2689 κίναδος
1521 2619 1753 2701 ἕξήρου
1818 2618 1889 2700 μ’
1956 2617 2156 2695 ὅπου,·
2223 2618 2368 2682 890.
2436 2616 2505 2682 Ο.
2539 2617 2609 2682 R.
2662 2619 2807 2682 926.
2873 2618 3065 2683 αὐτὸν

615 2708 829 2781 εἴπατ’,
877 2709 935 2771 εἰ
974 2708 1240 2781 κάτισθ’,
1288 2708 1488 2783 ὅπου,·
1554 2709 1781 2771 Α68611.
1831 2708 2012 2771 Eum.
2063 2709 2208 2771 301.
2275 2709 2493 2790 ἔρρειν,
2558 2708 2630 2772 τὸ
2683 2710 2919 2791 χαίρειν
2971 2710 3062 2792 μὴ

612 2796 901 2880 μαθόνθ’
957 2797 1123 2861 ὅπου
1188 2803 1462 2880 φρενῶν.
1511 2798 1701 2860 Arist.
1750 2798 1905 2860 Aah.
1957 2798 2101 2860 748.
2159 2798 2327 2880 ἐγὼν
2375 2797 2443 2860 δὲ
2499 2800 2765 2878 καρυξῶ
2813 2799 3062 2862 Δικαιό-

613 2889 795 2952 πολιν
841 2887 986 2950 ὅπα.

799 2978 985 3040 1219.
1033 2976 1225 3060 πέσῃ]
1276 2974 1365 3039 Cf.
1420 2977 1560 3039 157.
1608 2976 1952 3059 προπέσῃς.
2133 2981 2244 3040 τοῦ
2291 2976 2620 3060 θέλοντος]
2673 2974 3064 3060 Suspectum.

617 3066 706 3130 cf.
761 3066 946 3129 1604.
1020 3065 1091 3129 τὸ
1158 3067 1349 3149 δρῶν.
1404 3065 1500 3128 Tr.
1561 3067 1695 3128 196.
1761 3066 1832 3129 τὸ
1895 3066 2167 3128 ποθοῦν.
2232 3065 2383 3128 Eur.
2433 3064 2564 3149 Iph.
2615 3067 2689 3128 A.
2745 3067 2929 3130 1270.
2994 3065 3065 3129 τὸ

614 3157 825 3219 κείνου
871 3155 1280 3238 βουλόμενον.
1329 3155 1477 3219 Eur.
1526 3153 1680 3218 Her).
1729 3155 1874 3218 299.
1930 3163 2024 3237 τῷ
2067 3156 2482 3237 θυμουμένῳ.
2529 3154 2718 3218 Thuc,
2768 3154 2814 3217 I.
2848 3156 2948 3219 90.
2995 3154 3066 3220 τὸ

614 3245 733 3327 μὲν
777 3245 1188 3327 βουλόμενον.
1239 3246 1297 3328 6,
1330 3247 1430 3308 24.
1479 3244 1549 3307 τὸ
1596 3245 1957 3326 ἐπιθυμοῦν
2011 3249 2123 3307 τοῦ
2168 3244 2350 3307 πλοῦ.
2401 3246 2468 3327 2,
2516 3245 2615 3306 59.
2680 3243 2752 3307 τὸ
2817 3244 3064 3326 ὀργιζό-

614 3358 811 3416 μενον
855 3341 964 3417 τῆς
1010 3337 1286 3418 γνώμης.
1363 3337 1413 3410 l,
1466 3335 1565 3397 36.
1631 3334 1700 3397 τὸ
1751 3331 1955 3404 ὅεὸιὸς
2004 3372 2086 3380 -
2132 3332 2203 3396 τὸ
2251 3335 2555 3415 θαρσοῦν.
2613 3335 2663 3415 1,
2714 3334 2815 3396 43.
2864 3334 2932 3396 ἐν
2976 3342 3070 3416 τῷ

615 3423 841 3506 τοιῷὸε
887 3424 1174 3497 ἀξιοῦντι.
1227 3425 1284 3506 5,
1333 3426 1388 3487 9.
1438 3425 1498 3504 4,
1551 3424 1646 3485 18.
1701 3423 1755 3505 1,
1804 3423 1944 3485 142.
1999 3425 2052 3503 l,
2086 3424 2187 3486 84.
2237 3422 2392 3486 Plat.
2425 3421 2588 3486 Phil.
2624 3425 2724 3485 32.
2771 3429 2883 3486 τοῦ
2929 3424 3064 3505 χαί-

616 3537 839 3595 ροντος
872 3549 953 3559 -
987 3518 1098 3577 τοῦ
1144 3513 1564 3594 λυπουμένου.
1719 3511 2127 3596 ι’σοτέλεστος]
2178 3511 2446 3595 Anglice
2493 3512 2897 3594 impartial.
2976 3511 3065 3576 Cf.

618 3602 825 3667 Noun.
873 3602 1058 3666 Dion.
1112 3604 1218 3683 18,
1267 3605 1412 3666 247.
1468 3602 1847 3666 ἰσοτέλεστον
1898 3602 2155 3684 μίμημα
2214 3607 2328 3680 (an
2387 3607 2607 3665 exact
2660 3603 2898 3685 copy).
2964 3602 3069 3666 Sic

618 3692 1008 3774 ἧμιτέλεστος
1054 3690 1244 3771 (half
1284 3691 1666 3770 finished).
1712 3691 1905 3753 Thuc.
1955 3692 2013 3771 3,
2063 3691 2117 3753 3.
2166 3691 2485 3760 ἀτέλεστος
2532 3689 3067 3773 (unfinished),

619 3781 1010 3862 ὀψιτέλεστος
1056 3779 1262 3860 (Hom.
1294 3781 1365 3843 Il.
1400 3783 1459 3860 2,
1494 3781 1688 3862 325),
1736 3780 2192 3854 αὕτοτέλεστος,
2240 3780 2674 3862 ἀγχιτέλεστος.

806 3872 990 3933 1222.
1025 3869 1268 3954 Ἄϊδος]
1337 3868 1574 3932 Eadem
1638 3871 1843 3933 forma
1898 3874 1994 3933 est
2047 3870 2272 3933 Aesch.
2323 3869 2528 3933 Prom.
2578 3870 2724 3931 433.
2855 3868 3067 3940 Ἀϊὸος

622 3996 703 4004 —
751 3958 957 4044 μοῖρ’]
1007 3959 1095 4023 Cf.
1145 3959 1372 4022 Aesch.
1422 3959 1591 4022 PerS.
1636 3960 1784 4022 915.
1831 3961 1949 4022 εἴθ’
1998 3959 2214 4041 ὄφελε,
2264 3957 2416 4031 Ζεῦ,
2464 3957 2631 4040 κάμὲ
2669 3995 2747 4002 -
2782 3958 3066 4021 θανάτου

618 4047 778 4111 κατὰ
841 4054 1035 4131 μοῖρα
1101 4048 1399 4129 καλύψαι.
1466 4046 1614 4111 Eur.
1663 4047 1828 4111 Med.
1879 4050 2031 4111 987.
2091 4046 2300 4111 Solon.
2351 4047 2446 4111 Fr.
2495 4048 2598 4130 25,
2650 4047 2746 4109 18.
2814 4047 2934 4109 οῦκ
2989 4048 3067 4111 ἂν

619 4138 837 4219 ἄωρος
892 4138 1018 4201 ἐὼν
1071 4143 1304 4219 μοῖραν
1349 4138 1481 4218 ἔχοι
1528 4138 1830 4200 θανάτου.
1902 4137 2088 4200 Hom.
2138 4137 2207 4199 ΙΙ.
2257 4139 2360 4218 21,
2413 4137 2554 4198 111.
2619 4136 2900 4207 θάνατος
2962 4136 3069 4199 καὶ

618 4233 813 4308 μοῖρα
860 4227 1142 4309 κραταιή.
1210 4228 1356 4289 Ant.
1411 4228 1551 4290 147.
1616 4226 1902 4289 θανάτου
1946 4228 2144 4308 μέρος
2191 4229 2257 4307 (i.
2309 4246 2365 4308 q.
2411 4229 2653 4308 μοῖρα).
2835 4226 3069 4308 ἅλυρος

620 4314 888 4399 ἄχορος]
937 4315 1023 4378 Cf.
1072 4315 1166 4378 El.
1206 4316 1391 4379 1069.
1443 4315 1752 4398 ἀχόρευτα
1790 4352 1868 4359 -
1905 4315 2130 4397 ὀνείδη.
2182 4316 2408 4380 Aesch.
2458 4315 2668 4399 Suppl.
2720 4316 2865 4378 681.
2913 4315 3065 4397 ἄχο-

620 4428 737 4486 ρον
793 4405 1090 4488 ἀκίθαριν
1155 4404 1594 4487 ὅακρυόγονον
1635 4405 1809 4486 Ἄρη.
1869 4405 2013 4467 635.
2081 4407 2198 4488 Ag.
2250 4407 2393 4468 962.
2458 4404 2566 4468 τὸν
2631 4404 2689 4468 δ’
2746 4405 2896 4468 ἄνευ
2959 4404 3065 4467 λύ-

620 4517 740 4576 ρας
798 4531 877 4539 -
935 4494 1224 4577 ὕμνωὸεῖ
1278 4495 1524 4578 θρῆνον
1587 4494 1890 4578 Ἐρινύος.
1967 4493 2148 4558 Eum.
2209 4494 2352 4558 319.
2428 4494 2841 4576 ἀφόρμικτος.
2916 4492 3066 4557 Eur.
