3463 5287
1284 438 1535 484 ommus
1582 437 1884 484 conomius
2678 422 2807 484 209

537 597 680 660 754.
730 596 819 661 Cf.
869 597 1094 661 Aesch.
1144 595 1310 683 Sept„
1362 598 1507 660 243.
1573 597 1729 681 αὐτὴ
1781 596 1858 662 σὺ
1916 597 2166 669 δουλοῖς
2220 596 2389 680 κάμὲ
2433 597 2540 661 καὶ
2586 598 2655 662 σὲ
2699 599 2807 663 καὶ

351 685 550 749 πόλιν.
687 685 956 750 ὠνείδισ’
1013 687 1077 757 ἐς
1133 686 1235 770 σὲ]
1294 687 1385 752 Cf.
1433 687 1593 751 Phil.
1636 689 1781 750 523.
1829 686 1993 751 τοῦτ’
2027 725 2106 733 -
2144 688 2230 758 εἷς
2285 686 2400 770 ἐμὲ
2438 687 2448 769 Ι
2488 687 2808 758 τοῦνειδος

356 813 437 821 —-
488 775 797 838 ὀνειδίσαι.
880 775 1051 839 Alibi
1099 776 1415 850 ὀνειδίζειν
1459 777 1596 848 τινὶ,
1647 776 1717 841 O.
1751 776 1823 840 R.
1875 778 2018 840 372.
2055 777 2200 839 373.
2250 776 2320 840 O.
2355 775 2420 839 C.
2463 777 2607 839 971.
2657 776 2805 840 Eur.

351 865 485 948 Iph.
519 865 595 928 A.
630 865 775 928 305.
822 865 1020 928 καλόν
1067 866 1137 947 γέ
1179 889 1292 948 μοι
1336 865 1653 936 τοῦνειδος
1699 865 2114 939 ἐξωνείδισας.

536 954 680 1017 755.
727 953 859 1018 “Gf.
920 954 1031 1017 Ph.
1090 956 1270 1018 1020.
1337 954 1469 1017 ἀλλ’
1535 955 1613 1018 οὗ
1679 955 1800 1036 γὰρ
1866 955 2055 1019 οῦδὲν
2118 954 2260 1019 θεοὶ
2324 956 2618 1036 νέμουσιν
2682 955 2806 1037 ἡδύ

352 1067 493 1125 μοι,
536 1043 544 1126 Ι
587 1043 664 1107 σὺ
712 1043 831 1125 μὲν
878 1044 1158 1126 γέγηθας
1205 1046 1351 1118 ζῶν.
1402 1045 1471 1107 0.
1506 1042 1576 1106 R.
1616 1045 1802 1108 1409.
1851 1044 1985 1107 ἀλλ’
2032 1044 2110 1107 οὐ
2159 1043 2280 1125 γὰρ
2326 1043 2533 1107 αὐδᾶν
2578 1044 2718 1107 ἔσθ’
2765 1046 2805 1106 ἃ

351 1132 518 1215 μηδὲ
553 1133 712 1214 δρᾶν
742 1133 956 1205 καλὸν,
1000 1133 1007 1215 Ι
1050 1134 1232 1204 ὅπως
1261 1134 1510 1216 τάχιστα
1542 1132 1706 1215 πρὸς
1738 1133 1916 1196 θεῶν
1946 1133 2286 1214 καλύψατε.
2322 1131 2391 1195 Ο.
2416 1131 2480 1195 C.
2505 1134 2650 1195 624.
2672 1133 2805 1196 ἀλλ’

481 1221 1340 1305 ἡῦυάκ
1387 1223 1536 1374 {2⁷23
1578 1221 1817 1394 ’ἐῖώῆ
1863 1219 2807 1375 ἰνξω)

359 1401 611 1463 dicens?
659 1336 894 1482 (οΜέἰιίι.)
972 1336 1096 1465 1)]το
1143 1335 1540 1482 προσεῒπώνῗ
1604 1360 1949 1484 Sophoclss
1994 1361 2181 1483 saepe
2228 1399 2623 1483 simplicibus
2671 1420 2809 1465 ver-

357 1489 455 1551 bis
500 1509 614 1573 pro
662 1490 1028 1571 compositis
1076 1491 1290 1554 utitur.
1370 1489 1458 1553 cf.
1505 1487 1599 1552 El.
1655 1489 1842 1551 1471.
1890 1495 2311 1571 προσηγορεῖν
2357 1488 2574 1570 φίλως.

538 1579 680 1640 759.
730 1580 768 1660 ἡ
820 1579 877 1641 δ’
926 1577 1119 1662 οἴκοι]
1169 1578 1265 1642 Se.
1312 1579 1516 1652 πόλις,
1567 1580 1603 1641 i.
1654 1599 1703 1643 e.
1752 1579 1792 1660 ἡ
1842 1579 2054 1641 οἰκεία.

537 1668 681 1730 761.
731 1667 821 1731 Cf.
872 1667 942 1731 Ο.
977 1667 1038 1730 C.
1092 1668 1234 1729 761.
1300 1665 1358 1730 ὦ
1413 1669 1614 1730 πάντα
1661 1668 1931 1748 τολμῶν.
1990 1666 2177 1751 Soph.
2227 1666 2324 1729 Fr.
2379 1667 2519 1729 195.
2576 1664 2634 1730 ὦ
2679 1673 2808 1730 πᾶν

358 1756 435 1819 σὺ
479 1757 845 1838 τολμήσασα
893 1758 998 1819 καὶ
1044 1758 1206 1837 πέρα
1256 1758 1451 1838 γύναι.
1512 1755 1653 1837 LyS.
1700 1756 1850 1821 XII.
1901 1757 2003 1820 86.
2059 1761 2187 1818 πᾶν
2245 1756 2301 1818 δ’
2349 1757 2427 1819 ἄν
2471 1780 2582 1838 μοι
2631 1757 2813 1820 δοκεῖ

355 1847 675 1928 τολμῆσαι.
728 1847 915 1909 Arist.
951 1844 1112 1909 Nub.
1149 1848 1292 1909 374.
1341 1844 1399 1909 ὦ
1444 1846 1646 1909 πάντα
1679 1845 1757 1909 σὺ
1788 1845 2059 1928 τολμῶν.
2107 1844 2449 1928 Synesium
2493 1845 2680 1928 Epist.
2702 1848 2805 1909 47.

358 1932 415 1997 ὦ
459 1934 623 2016 πρὸς
676 1934 748 1996 τὰ
806 1934 968 1997 καλὰ
1024 1935 1282 1999 πάντων
1337 1934 1414 1998 σὺ
1469 1936 1886 2017 ποριμώτατε.
2067 1934 2239 1997 κάπὸ
2286 1934 2521 2005 παντὸς
2566 1935 2646 1997 ἂν
2691 1936 2804 2016 φέ-

356 2047 492 2105 ρων
526 2023 642 2107 -]
693 2022 779 2086 Cf.
815 2024 960 2087 807.
1001 2024 1185 2087 1000.
1223 2025 1365 2087 Ant.
1402 2024 1547 2086 312.
1597 2024 1717 2087 οὐκ
1766 2024 1835 2097 ἐξ
1879 2024 2158 2093 ἅπαντος
2206 2024 2305 2086 δεῖ
2341 2023 2413 2086 τὸ
2458 2025 2808 2105 κερδαίνειν

356 2113 569 2195 φιλεῖν.
624 2112 778 2176 Phil.
828 2114 973 2175 417.
1021 2113 1132 2194 ἀφ’
1185 2111 1257 2194 ἧς
1304 2114 1734 2195 (πανουργίας)
1779 2113 1984 2195 μηδὲν
2032 2112 2276 2176 δίκαιον
2307 2113 2371 2183 ἐς
2400 2113 2573 2182 τέλος
2602 2113 2808 2193 μέλλει

355 2208 570 2265 ποιεῖν.
619 2202 764 2265 408.
815 2202 959 2264 927.
1009 2201 1080 2265 Ο.
1113 2201 1184 2265 R.
1239 2203 1334 2265 11.
1384 2202 1533 2266 Eur.
1582 2202 1672 2265 Fr.
1708 2203 1810 2264 29.
1858 2202 1929 2264 ἐκ
1975 2201 2210 2271 παντὸς
2255 2202 2332 2264 ἄν
2377 2225 2465 2270 τις
2508 2202 2805 2282 πράγμα-

358 2315 464 2362 τος
512 2291 747 2354 δισσῶν
802 2291 1014 2373 λόγων
1053 2294 1062 2373 Ι
1104 2291 1323 2373 ἀγῶνα
1370 2293 1522 2355 θεῖτ’
1570 2292 1665 2365 ἄν,
1713 2291 1772 2354 εἷ
1811 2291 2008 2371 λέγειν
2053 2292 2145 2373 εἴη
2194 2290 2413 2372 σοφός.
2461 2292 2654 2354 Arist.
2700 2290 2808 2353 Th.

361 2381 503 2443 735.
553 2379 741 2443 Isocr.
791 2378 934 2442 XV.
985 2383 1022 2461 ξ
1071 2382 1216 2442 289.
1273 2381 1615 2463 φιλοσοφία
1654 2418 1734 2426 -
1768 2381 1879 2463 τὴν
1927 2379 2189 2449 δικαίως
2242 2380 2321 2442 ἂν
2368 2381 2807 2462 νομιζομένην.

538 2470 682 2532 762.
729 2469 923 2550 λόγου
991 2469 1272 2553 δικαίου]
1344 2467 1432 2532 Cf.
1492 2468 1797 2553 Hyperid.
1855 2488 1967 2553 pro
2033 2468 2183 2550 Lyo.
2232 2488 2282 2531 c.
2334 2472 2388 2531 7.
2453 2470 2494 2531 ἃ
2559 2470 2810 2552 ἔχουσιν

358 2559 533 2621 αὐτοὶ
583 2558 790 2621 δίκαια
837 2557 978 2640 περὶ
1033 2564 1144 2621 τοῦ
1190 2558 1561 2640 πράγματος
1607 2559 1908 2640 λέγουσιν.
1966 2577 2017 2622 e.
2072 2559 2168 2621 10.
2226 2557 2415 2621 Isocr.
2463 2577 2518 2641 p.
2570 2559 2692 2621 311
2732 2560 2806 2621 A.

357 2655 467 2712 τοῦ
515 2648 636 2731 γὰρ
683 2648 999 2712 ἀντιδίκου
1050 2686 1131 2694 -
1181 2648 1370 2712 οὐδὲν
1424 2649 1714 2730 λέγοντος
1762 2648 2019 2711 δίκαιον.
2157 2647 2464 2731 ποικίλον]
2559 2647 2648 2711 Cf.
2700 2648 2807 2711 Ph.

369 2738 504 2801 130.
556 2739 778 2800 Aesch.
833 2738 1035 2802 Prom.
1087 2739 1231 2801 316.
1302 2739 1488 2801 Arist.
1540 2736 1651 2819 Eq.
1702 2739 1846 2800 758.
1912 2737 2195 2807 ποικίλος
2250 2736 2373 2818 γὰρ
2421 2737 2601 2818 ἁνήρ.
2658 2735 2808 2800 Eur.

362 2827 553 2888 Andr.
606 2827 750 2889 937.
814 2828 1120 2890 ποικίλων
1182 2827 1578 2909 λαλημάτων.
1657 2825 1762 2890 Sic
1818 2826 2039 2890 Latine
2097 2828 2381 2906 variUS,
2437 2826 2687 2889 Sallust.
2737 2826 2807 2889 B.

361 2915 424 2978 C.
474 2915 520 2979 I.
576 2917 627 2977 1.
677 2915 901 2978 Blomf.
952 2915 1151 2978 Gioss
1201 2916 1408 2979 Prom.
1459 2915 1603 2978 316.

539 3005 683 3067 764.
732 3000 970 3089 ἁλοίην]
1038 3005 1125 3067 Cf.
1176 3004 1246 3067 Ο.
1281 3004 1346 3069 C.
1398 3006 1541 3067 988.
1608 3005 1741 3068 ἀλλ’
1798 3005 1876 3067 οὗ
1933 3003 2053 3086 γάρ
2109 3003 2240 3067 οὔτ’
2287 3004 2354 3067 ἐν
2398 3004 2591 3067 τοῖσδ’
2639 3004 2807 3068 ἁλώ-

359 3116 548 3175 σομαι
594 3091 797 3163 κακὸς
841 3094 965 3156 κτλ.
1013 3092 1162 3157 Eur.
1211 3093 1400 3177 Hipp.
1450 3095 1578 3156 959
1611 3113 1702 3175 sq.

539 3183 683 3245 765.
732 3184 982 3252 οἰκείοις
1027 3181 1279 3267 κακοῖς]
1329 3182 1418 3246 Cf.
1470 3184 1567 3264 Aj.
1616 3183 1763 3245 260.
1813 3183 1958 3245 919.
2009 3182 2100 3245 El.
2151 3184 2297 3245 215.

542 3271 684 3334 766.
733 3271 1067 3356 νοσοῦνθ’]
1127 3271 1214 3334 Cf.
1264 3271 1357 3333 ΕΙ.
1412 3271 1598 3333 1070.
1656 3272 1748 3334 ὅτι
1803 3271 1952 3353 σφὶν
2007 3272 2132 3354 ἤδη
2180 3270 2253 3333 τὰ
2299 3271 2419 3352 μὲν
2465 3272 2536 3333 ἐκ
2586 3271 2810 3352 δόμων

360 3367 541 3423 νοσεῖ.
677 3361 923 3445 τέρψις]
972 3360 1018 3423 Ι.
1070 3381 1126 3443 q.
1174 3360 1454 3442 τερπνὸν.
1505 3360 1592 3424 Cf.
1645 3362 1789 3422 775.
1840 3362 1937 3442 Aj.
1982 3361 2124 3422 114.
2172 3360 2386 3441 ἐπειδὴ
2434 3361 2650 3441 τέρψις
2696 3361 2810 3443 ἥδε

360 3472 457 3512 σοι
504 3449 574 3512 τὸ
623 3449 798 3531 δρᾶν.
967 3451 1248 3512 ἐκπεσεῖν
1292 3449 1557 3533 χθονὸς]
1630 3449 1674 3512 I.
1724 3469 1781 3531 q.
1848 3448 2254 3531 ἐκβληθῆναι.
2335 3448 2422 3511 Cf.
2471 3451 2568 3531 Aj.
2628 3451 2808 3512 1177.

360 3539 649 3608 ἄθαπτος
696 3539 950 3601 ἐκπέσοι
996 3539 1251 3621 χθονός.
1309 3539 1450 3601 Eur.
1502 3538 1663 3602 Med.
1714 3540 1859 3600 451.
1912 3540 2056 3601 710.
2105 3538 2357 3601 ἐκπεσεῖ
2396 3538 2651 3619 χθονός.

541 3629 685 3690 767.
733 3626 865 3690 “Cf.
916 3626 1172 3691 Diodor.
1220 3627 1329 3690 IV.
1380 3629 1481 3690 65.
1546 3633 1675 3690 τῶν
1740 3627 1881 3708 περὶ
1945 3627 2056 3709 τὴν
2121 3628 2325 3689 οἰκίαν
2390 3627 2812 3709 ἀσεβημάτων

362 3718 778 3796 γνωσθέντων
840 3716 948 3779 τὸν
1011 3717 1130 3798 μὲν
1193 3716 1500 3781 Οἰδίπουν
1553 3716 1680 3780 ὑπὸ
1736 3722 1865 3780 τῶν
1919 3717 2079 3779 υἱῶν
2124 3716 2309 3778 ἔνδον
2362 3717 2571 3796 μένειν
2616 3716 2808 3798 ἀναγ-

361 3807 679 3888 κασθῆναι
730 3805 830 3868 διὰ
878 3806 990 3886 τὴν
1045 3807 1362 3888 αἰσχύνην.
1420 3806 1566 3869 Eur.
1616 3806 1851 3869 Phoen.
1901 3804 2091 3868 876.”
2139 3803 2476 3886 (Doederl.)
2612 3829 2809 3886 προσ-

360 3895 591 3958 θέσθαι
637 3893 844 3979 χάριν]
903 3895 991 3959 Cf.
1041 3896 1188 3957 Eur.
1238 3896 1462 3959 Bacch.
1515 3898 1658 3958 713.
1715 3896 1898 3976 χάριν
1946 3894 2005 3957 δ’
2051 3895 2266 3957 ἄνακτι
2323 3894 2598 3974 θώμεθ’.
2657 3893 2812 3957 Hec.

368 3985 552 4047 1193.
621 3986 792 4065 εἴπερ
856 3984 1009 4065 τῷδ’
1069 3984 1426 4066 ἐβουλήθης
1490 3986 1673 4067 χάριν
1739 3984 1988 4047 θέσθαι.
2048 3983 2251 4067 ,Soph.
2298 3983 2394 4045 Tr.
2449 3985 2635 4045 1252.
2701 3984 2812 4065 τὴν

364 4074 544 4155 χάριν
589 4080 838 4155 ταχεῖαν
875 4111 943 4118 ——
988 4073 1272 4154 πρόσθες
1320 4077 1477 4150 (non
1524 4073 1870 4154 προσθοῦ).
1929 4074 2112 4135 1216.
2169 4073 2543 4154 πρόσνειμαι
2589 4073 2810 4152 (πρόσ-

360 4154 649 4244 νειμονῗ)
699 4162 769 4226 δέ
821 4163 938 4244 μοί
973 4163 982 4240 Ι
1022 4163 1205 4245 χάριν
1267 4165 1584 4245 βραχεῖαν.
1654 4163 1798 4224 996.
1866 4163 2005 4224 οἵαν
2059 4163 2243 4245 χάριν
2290 4162 2506 4224 ἀνύσω
2554 4163 2812 4242 (ἤνυσας

361 4257 469 4314 aut
514 4252 840 4330 ἅνυσαςῖ).

546 4342 689 4402 768.
736 4340 964 4422 μεστὸς
1008 4340 1087 4423 ἦν
1133 4340 1575 4423 θυμούμενος]
1624 4338 1711 4401 Cf.
1765 4341 1910 4402 Ant.
1953 4343 2097 4400 280.
2145 4346 2378 4402 παῦσαι
2425 4340 2572 4419 πρὶν
2618 4339 2812 4419 ὀργῆς

361 4431 471 4492 καί
518 4453 602 4512 με
657 4430 799 4506 (ἀνά
845 4431 1001 4511 μεΡ)
1063 4435 1379 4511 μεστῶσαι
1450 4430 1665 4510 λέγων.
1737 4428 1913 4490 Doni.
1965 4450 2018 4511 p.
2081 4431 2257 4490 1175.
2327 4429 2537 4508 ἐπειδὴ
2586 4429 2812 4508 μεστὸς

364 4519 602 4599 ἐγένετο
650 4519 1042 4600 ἀγανακτῶν.

2308 4624 2384 4683 14
