3463 5287
1380 433 1629 480 01:121?oe
1674 433 1798 477 mex
2685 413 2813 477 377

358 619 488 659 των
553 594 650 659 ὅσ’
714 594 873 658 ἐστὶν
937 594 1193 658 ἀνθέων
1258 595 1471 679 θήκην
1533 592 1790 676 πατρός.
1854 593 2046 657 Arist.
2097 591 2239 657 Pac.
2290 592 2436 656 599.
2500 593 2688 657 τᾶλλα
2744 592 2815 657 θ’

359 683 546 749 ὁπόσ’
594 684 720 748 ἐστὶ
764 684 949 766 φυτά.

543 772 732 837 1286.
779 774 848 837 ἒν
891 774 1001 837 τίνι
1048 775 1245 858 σχολῇ
1291 774 1533 860 κακοῦ]
1589 773 1794 840 801101.
1851 772 1987 838 οἷον
2032 773 2099 837 ἐν
2144 772 2297 855 ποίᾳ
2344 772 2644 857 διατριβῇ.
2724 771 2815 836 cf.

361 862 512 927 Eur.
561 862 745 928 Herc.
798 864 942 926 725.
993 863 1164 945 δεῦρ’
1210 864 1467 938 ἕπεσθε,
1514 864 1893 947 πρόσπολοι,
1937 863 1945 946 Ι
1986 862 2079 933 ὡς
2125 863 2205 926 ἂν
2238 861 2472 945 σχολὴν
2516 862 2818 946 λάβωμεν

360 953 676 1036 (λύσωμεν
722 953 890 1032 mse.)
936 953 1198 1036 ἄσμενοι
1242 953 1480 1019 πόνων.

546 1060 732 1123 1287.
781 1057 867 1123 Cf.
916 1059 1009 1123 ΕΙ.
1063 1061 1251 1124 1458.
1309 1067 1488 1145 σιγᾶν
1542 1063 1763 1144 ἄνωγα
1820 1059 2303 1124 κάναδεικνύναι
2351 1056 2814 1145 (κάμπεταννύ-

362 1152 536 1229 ναιῬ)
599 1148 805 1220 πύλας
859 1150 1081 1232 (τύχας
1127 1156 1237 1214 aut
1284 1151 1555 1234 δέμαςΡ)
1596 1150 1606 1234 Ι
1646 1157 1835 1215 πᾶσιν
1883 1148 2348 1234 Μυκηναίοισιν
2404 1149 2702 1232 Ἀργείοις
2749 1149 2816 1213 θ’

360 1239 539 1320 ὁρᾶν,
587 1238 712 1302 κτλ.
847 1239 1007 1323 βοᾷ]
1058 1237 1236 1303 Cum
1284 1240 1613 1305 clamore
1658 1239 1893 1324 jubet.
1972 1237 2065 1304 Cf.
2105 1237 2252 1302 Eur.
2287 1238 2486 1303 Andr.
2521 1239 2666 1302 298.
2716 1239 2818 1302 ὅτε

362 1353 456 1391 νιν
504 1364 587 1375 -
641 1329 838 1412 βόασε
902 1327 1252 1412 Κασάνδρα
1307 1336 1568 1394 κτανεῖν.
1626 1330 1863 1396 Phoen.
1916 1329 2102 1393 1154.
2157 1330 2287 1412 βοᾷ·
2325 1328 2337 1413 Ι
2374 1332 2506 1409 πῦρ
2560 1328 2668 1392 καὶ
2724 1327 2816 1391 δι-

361 1418 586 1488 κέλλας
632 1418 725 1489 ὡς
754 1419 1193 1501 κατασκάψων
1223 1418 1420 1483 πόλιν.
1469 1419 1617 1486 Her.
1652 1421 1800 1484 495.
1833 1418 1988 1483 HeO.
2024 1418 2168 1482 303.
2203 1416 2388 1483 Dion.
2421 1416 2502 1481 H.
2537 1416 2679 1482 VII.
2715 1418 2817 1482 62.

363 1507 662 1571 ἀπολύειν
706 1507 861 1592 ἐβόα
908 1507 1018 1572 τὸν
1063 1509 1282 1591 ἄνδρα.
1334 1508 1498 1573 Xen.
1546 1508 1752 1573 Anab.
1808 1508 1857 1572 Ι.
1906 1509 1964 1571 8.
2018 1508 2115 1570 12.
2160 1515 2254 1589 τῷ
2299 1505 2616 1591 Κλεάρχῳ
2661 1507 2817 1591 ἐβόα

364 1598 535 1679 ἄγειν
579 1595 649 1661 τὸ
681 1597 1049 1679 στράτευμα.
1096 1599 1192 1661 19.
1226 1598 1436 1682 ἐβόων
1468 1598 1538 1663 δὲ
1571 1598 1860 1682 ἀλλήλοις
1888 1597 1979 1681 μὴ
2015 1597 2150 1660 θεῖν
2184 1596 2429 1680 δρόμῳ.
2568 1597 2820 1679 διοίγειν

363 1685 652 1770 κλῇθρα]
720 1685 812 1750 Cf.
867 1688 1052 1751 1294.
1099 1687 1353 1771 κλῇθρα
1413 1686 1533 1770 γὰρ
1580 1688 1803 1752 πυλῶν
1847 1687 1995 1751 τάδε
2036 1687 2045 1767 Ι
2087 1686 2392 1768 διοίγεται.
2441 1685 2592 1750 Eur.
2626 1686 2819 1771 Hipp.

366 1776 511 1839 808.
576 1775 803 1858 χαλᾶτε
865 1776 1147 1860 κλῇθρα,
1222 1777 1604 1859 πρόσπολοι,
1662 1815 1745 1823 -
1804 1777 1897 1848 ὡς
1970 1778 2090 1840 ἴδω
2164 1774 2400 1858 πικρὰν
2471 1777 2629 1841 θέαν
2691 1776 2818 1840 κτλ.

366 1864 511 1928 Eur.
560 1864 751 1930 Herc.
801 1867 946 1929 332.
1004 1867 1192 1948 οἴγειν
1255 1867 1510 1950 κλῇθρα
1575 1866 1966 1949 προσπόλοις
2019 1866 2202 1948 λέγω.
2386 1865 2659 1950 διοίγειν]
2722 1866 2819 1930 To

366 1973 558 2037 open
606 1955 811 2019 wide.
890 1954 1145 2019 Scilicet
1192 1956 1346 2038 quia
1394 1957 1611 2020 διπλαῖ
1650 1956 1909 2019 thalami
1955 1955 2147 2018 πύλαι
2194 1960 2372 2019 erant
2419 1955 2656 2034 (1261).
2729 1954 2815 2018 cf.

371 2046 557 2107 1295.
607 2045 706 2127 Aj.
757 2045 902 2108 346.

548 2152 734 2215 1288.
782 2158 908 2223 τοῖς
953 2156 1103 2215 πᾶσι
1153 2153 1269 2237 —-]
1319 2153 1407 2218 Cf.
1456 2152 1620 2218 Phil.
1669 2153 1772 2215 47.
1820 2150 1966 2222 τοὺς
2011 2151 2249 2223 πάντας
2287 2151 2619 2233 Ἀργείους.
2672 2153 2816 2215 375.

366 2242 483 2305 Av.
538 2241 725 2304 1275.
770 2246 1030 2323 τιμῶσιν
1077 2243 1138 2306 οῖ
1181 2243 1407 2313 πάντες
1452 2242 1577 2323 λεῴ
1624 2244 1755 2323 (σε).

551 2331 735 2393 1289.
785 2330 872 2395 Cf.
930 2329 1078 2394 Eur.
1136 2330 1231 2394 El.
1284 2332 1426 2395 926.
1494 2332 1531 2394 ὁ
1586 2338 1693 2414 τῆς
1760 2330 2057 2413 γυναικὸς
2120 2335 2235 2411 (sc.
2283 2331 2492 2414 ἀνήρ).
2563 2328 2818 2395 Lucian.

366 2417 440 2481 D.
487 2418 564 2483 I).
611 2417 756 2482 XV.
804 2419 932 2501 ἐγὼ
981 2420 1050 2483 δὲ
1097 2421 1220 2504 ἤδη
1268 2421 1419 2485 ποτὲ
1465 2446 1576 2503 την
1613 2421 1994 2504 Ἀφροδίτην
2029 2457 2108 2466 --
2144 2418 2386 2484 ἀλλὀὐ
2432 2420 2554 2504 χρὴ
2589 2420 2819 2503 αὐχεῖν.

364 2507 617 2573 Theocr.
665 2509 712 2572 Ι.
765 2509 907 2573 105.
957 2510 1035 2572 οὗ
1081 2505 1315 2592 λέγεται
1360 2510 1472 2574 τὰν
1520 2510 1770 2633 Κύπριν
1817 2512 1854 2575 δ
1899 2510 2196 2595 βωκόλος
2228 2549 2309 2557 -
2324 2510 2582 2585 ;Arist.
2631 2510 2821 2603 Vesp-

371 2598 559 2663 1178.
609 2597 793 2663 etad
843 2600 961 2663 Av.
1008 2601 1156 2664 443

551 2707 732 2770 1290.
781 2706 877 2778 ὡς
923 2707 994 2771 ἐκ
1040 2707 1281 2791 χθονὸς
1327 2710 1543 2791 ῥίψων
1590 2707 1838 2794 ἑαυτὸν]
1907 2710 2237 2774 (3111436.
2302 2707 2496 2792 ῥῖψόν
2558 2733 2640 2792 με
2707 2714 2822 2793 γῆς

367 2796 438 2858 ἔκ
485 2795 660 2879 τῆσδ’
706 2796 862 2860 ὅσον
906 2796 1176 2880 τάχιστα.
1221 2798 1318 2862 Tr.
1353 2799 1499 2862 269.
1548 2799 1808 2881 ἔρριψεν
1853 2798 2033 2870 ἐκτὸς
2079 2798 2285 2862 αὑτόν.

552 2886 737 2949 1291.
787 2885 1010 2968 δόμοις
1057 2887 1311 2969 ἀραῖος]
1359 2887 1447 2952 Cf.
1493 2887 1590 2952 Tr.
1630 2889 1816 2952 1202.
1865 2886 1961 2951 Fr.
1999 2889 2145 2951 367.
2193 2888 2230 2950 ὁ
2275 2887 2563 2969 πρόσθεν
2609 2887 2821 2952 ἐλθὼν

367 2973 447 3056 ἦν
492 2974 714 3057 ἀραῖός
757 2998 871 3056 μοι
915 2977 1117 3046 νέκυς.
1166 2977 1391 3040 Aesch.
1443 2979 1558 3060 Ag.
1599 2978 1745 3041 236.
1794 2977 2091 3059 φθόγγον
2137 2976 2363 3057 ἀραῖον
2408 2978 2623 3048 οἴκοις.
2670 2975 2821 3041 Eur.

364 3064 499 3147 Iph.
546 3063 609 3126 Τ.
661 3065 803 3128 778.
852 3067 891 3147 ἢ
941 3070 1073 3136 σοῖς
1129 3066 1319 3148 ἀραία
1379 3066 1666 3149 δώμασιν
1714 3067 2072 3149 γενήσομαι.
2130 3065 2293 3130 Med.
2344 3066 2488 3129 608.
2536 3066 2642 3129 καὶ
2690 3072 2824 3139 σοῖς

367 3153 555 3236 ἀραία
614 3152 670 3236 γ’
726 3153 874 3238 (leg.
925 3152 981 3237 γ’
1029 3154 1282 3237 ἀραῖος)
1350 3154 1510 3220 οὖσα
1565 3157 1859 3240 τυγχάνω
1918 3156 2156 3238 δόμοις.
2213 3155 2404 3240 Hipp.
2458 3156 2644 3218 1415.
2702 3154 2823 3219 εἴθ’

366 3242 446 3326 ἦν
491 3243 718 3324 ἀραῖον
765 3244 1054 3325 δαίμοσιν
1099 3247 1353 3328 βροτῶν
1386 3246 1582 3327 γένος.
1720 3246 1813 3315 (ὃς
1847 3244 2162 3327 ἠράσατο[
2209 3243 2453 3328 Nempe
2486 3265 2542 3306 v,
2577 3245 2705 3307 238
2730 3265 2820 3327 sq.

549 3352 737 3414 1292.
783 3353 1183 3437 προηγητοῦ]
1232 3353 1279 3417 Ι.
1330 3373 1387 3435 q.
1439 3354 1784 3437 ὓφηγητοῦ.

550 3440 738 3505 1293.
784 3442 1002 3523 μεῖζον
1050 3445 1088 3524 ἢ
1136 3443 1374 3527 φέρειν]
1425 3443 1514 3506 Cf.
1544 3443 1641 3507 Tr.
1680 3443 1867 3506 1018.
1915 3442 2183 3525 τοῦργον
2215 3442 2358 3505 τόδε
2402 3443 2620 3524 μεῖζον
2667 3442 2819 3525 ἀνή-

365 3554 460 3594 κει
500 3529 510 3612 Ι
552 3532 591 3612 ἢ
639 3528 777 3593 κατ’
836 3529 995 3612 ἐμὰν
1041 3532 1289 3613 ῥώμαν.
1347 3531 1423 3595 σὺ
1474 3532 1544 3596 δὲ
1593 3532 1878 3615 σύλλαβε.
1937 3531 2086 3594 Eur.
2133 3530 2230 3595 Fr.
2288 3532 2474 3612 1083,
2527 3532 2623 3594 10.
2674 3531 2819 3613 ἀρε-

366 3619 477 3702 τὴν
542 3619 813 3702 ἐχούσης
873 3621 1111 3702 μείζον’
1158 3624 1197 3704 ἢ
1256 3621 1429 3704 λόγῳ
1484 3623 1741 3705 φράσαι.
1808 3620 1990 3684 Pind.
2040 3618 2134 3683 Ol.
2189 3622 2288 3701 13,
2341 3621 2482 3684 109.
2540 3621 2824 3704 εὑρήσεις

364 3708 634 3790 μάσσον’
692 3712 731 3790 ἢ
789 3709 881 3778 ὡς
946 3708 1174 3791 ἰδέμεν.
1238 3709 1389 3774 Eur.
1438 3710 1593 3776 Hec.
1647 3711 1833 3775 1089.
1898 3710 2209 3791 κρείσσον’
2267 3712 2306 3792 ἢ
2364 3710 2580 3792 φέρειν
2634 3711 2823 3773 κακά.

367 3796 584 3881 Suppl.
633 3800 781 3860 844.
845 3799 1154 3881 κρείσσον’
1204 3803 1241 3883 ἢ
1290 3801 1460 3874 λέξαι
1524 3799 1697 3882 λόγῳ
1740 3800 1749 3881 Ι
1788 3799 2171 3883 τολμήμαθ’.
2241 3798 2538 3882 Bacchyl.
2573 3797 2670 3861 Fr.
2724 3800 2823 3862 11.

366 3887 584 3969 μεῖζον
630 3890 669 3970 ἢ
716 3889 972 3953 πενθεῖν
1018 3890 1320 3971 (φέρεινΡ)
1367 3890 1570 3974 ἐφάνη
1619 3889 1840 3953 κακόν.
1889 3887 2055 3953 Xen.
2103 3888 2290 3952 Mem.
2337 3887 2453 3952 ΙΙΙ.
2501 3908 2558 3971 p.
2596 3888 2722 3952 770
2757 3888 2823 3952 C.

367 3977 586 4056 μεῖζον
632 3979 670 4059 ἢ
718 3976 878 4042 ὥστε
925 3979 1141 4061 φέρειν
1189 3979 1503 4043 δύνασθαι
1548 3979 1771 4043 κακόν.
1829 3978 2064 4044 Herod.
2111 3977 2226 4042 III.
2281 3979 2379 4041 14.
2425 3979 2605 4059 μέζω
2652 3976 2822 4074 κακὰΙ

370 4066 410 4146 ἢ
458 4064 618 4128 ὥστε
665 4065 1034 4134 ἀνακλαίειν.
1169 4067 1570 4152 προηγητοῦ]
1621 4067 1710 4132 Cf.
1760 4068 1910 4131 Ant.
1962 4067 2106 4130 990.
2152 4073 2280 4138 τοῖς
2325 4066 2608 4149 τυφλοῖσι
2656 4066 2777 4148 γὰρ

369 4153 525 4236 αῦτη
572 4154 878 4228 κέλευθος
923 4159 995 4221 ἐκ
1041 4163 1410 4241 προηγητοῦ
1456 4159 1641 4222 πέλει.
1690 4156 1838 4221 Eur.
1886 4156 2114 4221 Bacch.
2168 4157 2355 4218 1159.

552 4261 736 4326 1294.
787 4264 968 4338 δείξει
1016 4263 1085 4328 δὲ
1131 4264 1238 4327 καὶ
1284 4264 1414 4349 σοί]
1473 4264 1565 4329 Cf.
1612 4265 1711 4347 Aj.
1763 4265 1864 4328 66.
1924 4263 2113 4337 δείξω
2171 4262 2242 4327 δὲ
2296 4262 2404 4326 καὶ
2450 4261 2550 4327 σοὶ
2596 4263 2691 4342 (δέ
2734 4263 2833 4326 τοί

366 4353 541 4432 σοιΡ)
587 4352 773 4435 τήνδε
818 4360 1140 4436 περιφανῆ
1186 4353 1394 4418 νόσον.
1442 4355 1590 4418 Eur.
1632 4352 1830 4417 Andr.
1868 4352 2012 4415 707.
2063 4352 2250 4425 δείξω
2300 4352 2357 4415 δ’
2406 4352 2535 4435 ἐγώ
2581 4376 2679 4417 σοι
2714 4389 2824 4414 -.

364 4442 558 4506 Arist.
592 4440 762 4506 Εο01.
798 4443 943 4506 933.
996 4444 1177 4518 δείξει
1224 4469 1291 4527 γε
1337 4444 1445 4507 καὶ
1491 4444 1584 4525 (γέ
1627 4444 1725 4507 τοί
1757 4442 1921 4522 σοιΡ)
1970 4442 2094 4506 σοί·
2141 4441 2299 4524 τάχα
2348 4441 2470 4523 γὰρ
2503 4446 2618 4505 ete.
2667 4440 2824 4506 Plat.

365 4528 557 4618 Hipp.
608 4533 748 4615 maj.
801 4533 946 4596 288.
995 4533 1148 4597 αὐτὸ
1198 4533 1395 4609 δείξει.
1531 4533 1786 4618 κλῇθρα
1837 4568 1918 4577 ——
1969 4526 2288 4617 διοίγεται]
2338 4529 2426 4595 Cf.
2481 4531 2668 4595 1287.
