3463 5287
1464 459 1713 505 onmrus
1760 459 1882 504 mex
2769 436 2895 501 267

446 626 650 703 erant,
723 639 855 684 non
928 620 1258 703 supplices.
1337 618 1541 683 Schol.
1607 637 1759 684 rec.:
1834 618 1965 682 ἀντὶ
2037 623 2147 682 τοῦ
2212 618 2559 701 ῖκέτὴρίους
2621 616 2899 688 κλάδους

447 711 745 793 στέμματι
810 710 1229 792 ἐστεμμένους
1290 710 1669 791 κατέχοντες.
1736 705 1923 771 Hom.
1970 707 2042 771 Il.
2097 709 2151 789 l,
2203 709 2299 771 14.
2366 708 2663 790 στέμματ’
2729 708 2898 789 ἔχων

444 801 512 864 ἐν
558 800 785 883 χερσίν.
835 797 985 862 Eur.
1033 797 1136 863 Or.
1189 799 1287 861 12.
1334 795 1393 880 ᾦ
1439 799 1758 880 στέμματα
1808 797 2021 877 (schol.
2070 798 2227 879 ἔρια)
2276 797 2494 880 ξήνασ’
2541 797 2899 860 ἐπέκλωσεν

444 889 582 954 θεά.
662 890 849 952 Arist.
906 887 1096 972 Vesp.
1154 889 1301 951 475.
1379 891 1609 969 φορῶν
1680 887 2011 969 κρασπέδα
2089 887 2462 969 στεμμάτων
2537 885 2759 967 (schol.
2829 886 2900 959 ἐξ

446 980 673 1061 ἐρίων).
742 977 915 1060 Virg.
962 978 1123 1041 Aen.
1172 974 1346 1041 VIII.
1400 975 1542 1040 126.
1590 975 1741 1040 ‘Cui
1807 994 1909 1040 me
1972 976 2228 1040 fortuna
2291 975 2536 1059 precari
2575 973 2585 1058 Ι
2627 981 2689 1041 et
2742 976 2901 1039 vitta

444 1068 726 1132 cinctos?
774 1067 979 1131 voluit
1006 1066 1420 1150 praetendere
1467 1066 1713 1130 ramos.'
1762 1065 1897 1129 Liv.
1947 1067 2049 1147 29,
2088 1065 2186 1128 16.
2234 1064 2614 1128 ‘velamenta
2659 1065 2898 1148 suppli-

442 1176 620 1310 {tamn
667 1156 1098 1308 {rlnlossslgae
1147 1193 1228 1202 —
1269 1154 1863 1309 lporrigegtesssl24,
1914 1156 2013 1218 30.
2060 1154 2252 1218 Tacit.
2299 1152 2465 1219 Hist.
2506 1154 2555 1218 Ι.
2597 1155 2697 1217 66.
2747 1153 2897 1219 Stat.

539 1265 573 1310 e
622 1295 634 1307 .
818 1295 830 1309 .
1014 1296 1026 1308 .
1105 1264 1181 1309 su
1294 1264 1411 1309 lcls
1457 1265 1527 1308 ar
1572 1263 1643 1308 or
1689 1264 1724 1308 o
1756 1247 1930 1310 rvae?

624 1336 679 1397 5.
726 1334 1016 1398 παιάνων
1078 1358 1142 1398 τε
1184 1265 1310 1398 [Ἐπὶ
1373 1332 1838 1418 στεναγμάτων]
1906 1332 1992 1397 Of.
2045 1333 2188 1398 186.
2253 1333 2485 1397 παιὰν
2544 1333 2613 1397 δὲ
2668 1334 2898 1415 λάμπει

445 1424 858 1488 στονόεσσά
905 1448 968 1488 τε
1014 1429 1212 1506 γᾶρυς
1258 1423 1556 1507 ὅμαυλος.
1604 1422 1754 1488 Eur.
1802 1424 1940 1487 Alo.
1988 1424 2135 1486 423.
2187 1423 2572 1506 άντηχήσατε
2612 1422 2621 1505 Ι
2660 1428 2896 1486 παιᾶνα

441 1520 535 1596 τῷ
596 1513 890 1577 κάτωθεν
935 1512 1241 1596 άσπόνδῳ
1287 1513 1442 1596 θεῷ.
1508 1514 1808 1578 Proclum
1856 1513 2097 1578 Chrest.
2143 1534 2201 1597 p.
2251 1513 2377 1577 381
2414 1512 2486 1577 G.
2539 1511 2611 1576 τὸ
2660 1512 2729 1576 δὲ
2773 1536 2896 1576 πα-

442 1601 619 1667 λαιὸν
664 1602 840 1673 ἰδίως
886 1603 1232 1686 ἀπενέμετο
1279 1603 1337 1685 (ὁ
1383 1602 1597 1683 παιὰν)
1642 1611 1738 1685 τῷ
1773 1602 2122 1667 Ἀπόλλωνι
2176 1602 2283 1666 καὶ
2328 1609 2403 1687 τῇ
2441 1600 2751 1685 Ἀρτέμιδι
2798 1602 2898 1665 ἐπὶ

441 1692 829 1755 καταπαύσει
897 1692 1141 1775 λοιμῶν
1204 1691 1311 1755 καὶ
1365 1692 1578 1756 νόσων
1624 1692 1958 1775 ᾇδόμενος.
2026 1692 2189 1756 ΡΙιιῐ.
2246 1692 2471 1756 Anton.
2521 1694 2622 1755 24.
2687 1692 2726 1774 ἥ
2777 1690 2898 1774 γὰρ

432 1781 604 1845 Ἀσία
652 1785 853 1854 πᾶσα,
909 1781 1209 1865 καθάπερ
1266 1782 1305 1864 ἥ
1355 1781 1752 1865 Σοφόκλειος
1806 1782 2007 1864 ἐκείνη
2064 1782 2269 1856 πόλις,
2327 1782 2521 1864 ὁμοῦ
2575 1781 2713 1864 μὲν
2758 1782 2896 1845 θυ·

439 1871 847 1953 μιαμάτων
902 1872 1191 1953 ἔγεμεν,
1248 1871 1443 1953 ὁμοῦ
1504 1871 1585 1934 δὲ
1639 1872 1986 1935 παιάνων
2039 1894 2114 1934 τε
2169 1871 2294 1934 καὶ
2348 1871 2897 1952 στεναγμάτων.

443 1957 621 2024 Dem.
669 1980 728 2044 p.
779 1960 924 2041 300,
972 1961 1073 2023 21.
1138 1965 1342 2043 χαρᾶς
1404 1961 1511 2024 καὶ
1573 1961 1866 2024 παιάνων
1922 1961 2233 2042 (ἐπαίνων
2279 1959 2460 2037 libri)
2508 1960 2547 2042 ἥ
2595 1959 2773 2030 πόλις
2818 1959 2898 2043 ἦν

439 2050 652 2132 μεστή.
731 2049 1030 2132 “Joseph.
1077 2049 1150 2114 B.
1196 2049 1345 2114 Jud.
1392 2049 1536 2113 VII.
1585 2053 1643 2113 4.
1700 2052 1752 2113 1.
1818 2051 2032 2113 ἅπασα
2097 2050 2136 2132 ἥ
2202 2049 2383 2120 πόλις
2447 2049 2540 2119 ῶς
2601 2049 2765 2120 νεὼς
2818 2047 2898 2132 ἦν

441 2138 961 2222 στεφανωμάτων
1004 2139 1114 2202 καὶ
1158 2139 1587 2222 θυμιαμάτων
1632 2139 2025 2211 ἀνάπλεως.”
2072 2138 2309 2219 (Dind.)

625 2230 662 2292 6
696 2248 787 2310 sq.
837 2228 925 2292 Of.
976 2228 1122 2292 305.
1168 2227 1265 2293 Tr.
1315 2230 1460 2293 391.

622 2320 677 2380 7.
726 2315 963 2401 ἄλλως]
1028 2317 1076 2382 Ι.
1126 2337 1178 2382 e.
1225 2324 1635 2401 praeterea.
1713 2317 1807 2382 Cf.
1856 2318 2016 2382 Phil.
2068 2319 2167 2382 38.
2233 2318 2341 2382 καὶ
2394 2316 2586 2381 ταῦτά
2634 2316 2692 2400 γ’
2740 2317 2894 2381 ἄλλα

441 2406 749 2469 θάλπεται
815 2407 1001 2490 ῥάκη.
1065 2407 1215 2470 Eur.
1265 2407 1450 2472 Hero.
1501 2408 1646 2471 912.
1710 2408 1934 2489 μάντιν
1998 2408 2119 2490 οὐχ
2182 2408 2393 2487 ἕτερον
2439 2408 2690 2489 ἄξομαι.
2746 2406 2896 2470 Plat.

442 2495 628 2579 Gorg.
678 2497 715 2578 ξ
765 2495 865 2559 64.
934 2495 1063 2560 ὑπὸ
1125 2501 1253 2559 τῶν
1316 2498 1589 2560 πολιτῶν
1653 2496 1762 2560 καὶ
1814 2502 1943 2560 τῶν
1996 2496 2207 2560 ἄλλων
2254 2498 2475 2570 ξένων.
2536 2496 2703 2560 Xen.
2752 2496 2895 2579 Cyr.

443 2585 491 2649 I.
544 2586 599 2649 6.
649 2586 706 2648 2.
755 2585 890 2650 Liv.
939 2585 1048 2649 IV.
1098 2586 1199 2651 40.
1267 2586 1367 2651 ‘eo
1425 2587 1617 2650 missa
1662 2586 1943 2672 plaustra
1988 2588 2407 2670 jumentaque
2454 2585 2615 2649 alia?
2662 2585 2744 2649 II.
2800 2587 2895 2649 17.

441 2676 786 2759 ‘principes
832 2677 1039 2740 securi
1087 2678 1397 2760 percussi;
1446 2675 1566 2740 sub
1615 2696 1851 2740 corona
1897 2677 2235 2741 venierunt
2282 2676 2489 2741 coloni
2539 2675 2689 2740 alii!

618 2767 676 2829 8.
723 2765 761 2828 ὁ
805 2770 958 2828 πᾶσι
1004 2765 1275 2848 κλεινὸς]
1334 2763 1425 2828 Cf.
1486 2766 1588 2829 40.
1646 2768 1831 2829 1255.
1900 2765 1969 2829 O.
2005 2762 2067 2829 C.
2121 2766 2307 2829 1446.
2369 2767 2466 2848 Aj.
2517 2766 2661 2828 598.
2708 2770 2898 2829 πᾶσιν

439 2855 818 2936 περίφαντος
863 2855 972 2918 ἀεί.
1023 2853 1180 2917 Phil.
1232 2856 1375 2917 575.
1424 2855 1523 2919 ὅδ’
1571 2855 1709 2919 ἔσθ’
1757 2856 1795 2920 ὁ
1840 2860 1992 2919 πᾶσι
2037 2854 2281 2925 κλεινὸς
2334 2853 2652 2925 Οἰδίπους.

621 2944 675 3006 9.
724 2944 856 3006 ἐπεὶ
908 2944 1176 3024 πρέπων
1231 2943 1419 3028 ἔφυς]
1488 2945 1713 3008 Since
1778 2965 1929 3027 you
2005 2965 2130 3008 are
2196 2945 2320 3008 the
2385 2964 2663 3027 proper
2726 2963 2895 3027 per·

439 3050 574 3094 son
627 3038 739 3095 etc.
820 3032 914 3094 Gl.
965 3033 1033 3096 B.
1081 3034 1377 3114 πρέπων;
1447 3034 1771 3115 ἁρμόζων.
1851 3033 1942 3097 Cf.
1991 3032 2085 3095 El.
2137 3033 2282 3095 664.
2346 3034 2571 3115 πρέπει
2628 3034 2749 3115 γὰρ
2805 3034 2898 3105 ὥς

438 3120 744 3202 τύραννος
809 3123 1077 3202 εἰσορᾶν.
1148 3124 1371 3186 Aesch.
1433 3123 1599 3186 Pers.
1651 3126 1796 3185 252.
1860 3122 2049 3186 τοῦδε
2114 3122 2235 3204 γὰρ
2304 3122 2609 3205 δράμημα
2680 3123 2897 3204 φωτὸς

439 3209 761 3291 Περσικὸν
816 3212 1038 3292 πρέπει
1090 3212 1340 3293 μαθεῖν.
1402 3211 1616 3295 Suppl.
1671 3213 1814 3275 719.
1862 3213 2173 3294 πρέπουσι
2223 3210 2281 3275 δ’
2328 3212 2556 3294 ἄνδρες
2602 3213 2763 3276 νάϊοι
2812 3249 2894 3258 —-

438 3299 608 3362 ἰδεῖν.
658 3298 806 3361 Eur.
843 3301 977 3364 Alo.
1015 3301 1202 3365 1069.
1249 3302 1359 3364 νέα
1408 3301 1559 3383 γάρ,
1607 3301 1700 3371 ὡς
1747 3302 1961 3384 ἐσθῆτι
1993 3301 2099 3364 καὶ
2131 3300 2361 3383 κόσμῳ
2392 3303 2631 3384 πρέπει.
2680 3300 2895 3384 Suppl.

444 3389 629 3453 1056.
680 3389 773 3459 ὡς
822 3391 942 3452 οὐκ
989 3390 1087 3452 ἐπ’
1135 3390 1318 3473 ἀνδρὶ
1363 3391 1677 3473 πένθιμος
1721 3392 1980 3471 πρέπεις
2028 3391 2202 3473 ὁρᾶν.
2252 3390 2478 3453 Bacch.
2534 3391 2719 3453 1186.

623 3479 719 3541 10.
766 3478 896 3560 πρὸ
951 3478 1152 3542 τῶνδε
1208 3478 1470 3564 φωνεῖν]
1537 3479 1626 3542 Cf.
1675 3478 1747 3543 Ο.
1782 3480 1846 3544 C.
1896 3482 2042 3543 811.
2108 3479 2369 3543 ἄπελθ’·
2435 3480 2565 3562 ἐρῶ
2622 3479 2742 3562 γὰρ
2790 3480 2897 3543 καὶ

436 3567 565 3649 πρὸ
627 3567 844 3631 τῶνδε.
921 3565 1069 3629 Eur.
1120 3569 1254 3630 Alc.
1309 3570 1406 3632 18.
1487 3571 1617 3652 ἥτις
1681 3569 1872 3652 ἤθελε
1922 3569 1930 3650 Ι
1980 3570 2200 3632 θανεῖν
2261 3568 2391 3650 πρὸ
2453 3569 2682 3633 κείνου.
2750 3570 2894 3632 326.

437 3657 687 3737 θάρσει·
743 3656 871 3739 πρὸ
917 3658 1143 3720 τούτου
1193 3656 1312 3740 γὰρ
1359 3658 1557 3739 λέγειν
1604 3659 1723 3741 οὐχ
1771 3660 2021 3740 ἅζομαι.
2082 3659 2226 3722 710.
2276 3656 2424 3721 Her.
2477 3659 2623 3720 622.
2669 3659 2797 3740 πρό
2843 3658 2896 3720 τ’

439 3739 737 3826 ἀδελφῶν
794 3746 901 3809 καὶ
948 3751 1078 3828 γᾶς.
1145 3745 1331 3810 Hom.
1379 3747 1451 3811 11.
1500 3750 1558 3829 8,
1609 3751 1706 3810 57.
1772 3749 2093 3831 μάχεσθαι
2156 3747 2284 3829 πρό
2348 3771 2411 3810 τε
2473 3748 2725 3811 παίδων
2787 3748 2895 3810 καὶ

438 3833 565 3915 πρὸ
613 3840 948 3915 γυναικῶν.
1001 3835 1236 3899 Herod.
1285 3836 1333 3900 I.
1387 3838 1529 3899 152.
1578 3837 1814 3901 εἵλοντο
1859 3837 1987 3919 πρὸ
2034 3838 2292 3900 πάντων
2337 3836 2535 3917 λέγειν
2579 3836 2687 3899 τὸν
2742 3836 2892 3900 Φω·

436 3923 612 3986 καέα.
663 3926 801 3989 Aet.
851 3926 1067 4009 Apost.
1121 3926 1220 4007 14,
1275 3927 1369 3988 13.
1417 3927 1455 3989 ὁ
1504 3926 1573 3990 δὲ
1620 3927 1822 4007 ἱερεὺς
1866 3933 1977 3990 τοῦ
2027 3926 2174 3996 Διὸς
2227 3931 2339 3990 τοῦ
2387 3927 2568 3996 ὄντος
2612 3926 2741 4008 πρὸ
2787 3933 2896 4009 τῆς

434 4011 684 4083 πόλεως
748 4015 959 4078 αὐτῶν
1022 4015 1297 4095 ταύρους
1358 4016 1467 4078 καὶ
1532 4016 1850 4098 στέμματα
1917 4017 2016 4079 ἐπὶ
2078 4016 2226 4086 τοὺς
2280 4016 2579 4085 πυλῶνας
2635 4016 2895 4097 ἐνέγκας

436 4101 551 4165 σὺν
613 4109 742 4172 τοῖς
806 4103 1018 4185 ὄχλοις
1081 4104 1274 4186 ἤθελε
1341 4105 1535 4168 θύειν.
1690 4106 1801 4167 τίνι
1857 4105 2079 4187 τρόπῳ
2123 4101 2500 4189 καθέστατε]
2565 4103 2651 4167 In
2703 4105 2898 4168 what

437 4211 747 4256 manner
803 4193 1257 4273 (condition)
1311 4213 1461 4276 you
1518 4212 1642 4257 are
1697 4194 1983 4278 placed.
2063 4194 2152 4258 Cf.
2201 4193 2271 4258 Ο.
2307 4191 2371 4257 C.
2421 4196 2522 4256 23.
2580 4195 2727 4258 ὅποι
2774 4216 2892 4258 κα-

434 4280 766 4363 θέσταμεν.

618 4372 713 4433 11.
765 4371 1106 4457 δείσαντες]
1158 4373 1343 4436 Prae
1391 4379 1608 4438 metu.
1658 4373 1746 4438 Cf.
1782 4374 1927 4436 448.
1968 4373 2067 4434 90.
2105 4372 2463 4454 προδείσας.
2516 4375 2665 4436 Ant.
2705 4374 2892 4436 1189.

436 4456 708 4524 δείσασα.
845 4459 1235 4545 στέρξαντες]
1301 4461 1607 4544 Having
1662 4470 1798 4545 put
1854 4482 1949 4545 up
2006 4462 2210 4540 with,
2267 4462 2627 4526 endured.
2677 4461 2771 4525 Gl.
2825 4462 2893 4525 B.

433 4550 818 4638 στέρξαντεςε
893 4551 1225 4632 παθόντες.
1313 4551 1401 4622 Cf.
1461 4551 1620 4625 Phil.
1679 4553 1824 4615 538.
1899 4552 2290 4644 προύμαθον
2356 4552 2628 4634 στέργειν
2702 4552 2890 4624 κακά.
