3463 5287
1415 373 1666 420 otmrns
1712 376 1836 420 mcx
2725 361 2850 424 311

397 533 660 616 ἄριστος.
724 534 917 598 Thuc.
961 533 1076 596 III.
1126 535 1226 598 38.
1291 532 1399 599 καὶ
1451 532 1608 616 μετὰ
1663 535 2030 618 καινότητος
2083 534 2203 618 μὲν
2247 536 2442 619 λόγου
2489 537 2855 603 ἀπατᾶσθαι

397 624 649 704 ἄριστοι.
786 622 1115 708 εὑρίσκειν]
1161 623 1210 687 Ι.
1250 642 1306 706 q.
1354 623 1536 688 λύειν.
1614 623 1704 689 Cf.
1760 623 1911 688 Eur.
1968 624 2203 691 Phoen.
2266 627 2454 690 1730.
2519 628 2853 711 παρθένου

398 713 600 795 κόρας
646 712 875 795 αἴνιγμ’
921 713 1221 777 ἀσύνετον
1268 714 1492 797 εὓρών.

577 803 723 865 441.
768 801 999 866 τοιαῦτ’
1047 839 1130 849 --
1180 801 1332 887 οἷσι]
1398 803 1487 866 Of.
1536 804 1684 868 Ant.
1735 804 1881 867 691.
1961 804 2210 869 Allusio
2268 810 2362 871 est
2416 805 2497 870 ad
2553 806 2855 891 Sphingis

399 892 772 975 aenigmatis
817 891 1217 957 solutionem.

577 982 722 1044 442.
769 980 840 1045 τὸ
889 981 1048 1063 δρᾶν
1093 982 1213 1045 οὐκ
1261 980 1578 1065 ἠθέλησα]
1627 980 1718 1045 Of.
1766 984 1914 1046 Ant.
1960 983 2146 1047 1106.
2195 984 2515 1066 ἐξίσταμαι
2558 983 2629 1048 τὸ
2677 985 2853 1067 δρᾶν.

402 1070 502 1132 78.
549 1068 619 1133 τὸ
668 1070 737 1134 δὲ
781 1070 890 1154 βίᾳ
935 1071 1209 1135 πολιτῶν
1264 1070 1424 1153 δρᾶν
1479 1072 1641 1154 ἔφυν
1687 1071 2038 1154 ἀμάχανος.
2095 1071 2261 1138 Xen.
2310 1072 2493 1157 Apol.
2547 1074 2645 1138 13.
2692 1075 2852 1138 πάν-

397 1183 495 1230 τες
539 1159 786 1240 λέγουσι
832 1159 903 1224 τὸ
947 1160 1306 1241 προειδέναι
1350 1159 1460 1224 τὸν
1504 1159 1662 1225 θεὸν
1705 1160 1779 1225 τὸ
1823 1161 2069 1243 μέλλον.

576 1250 722 1311 444.
769 1249 914 1334 παῖ]
980 1249 1068 1314 Cf.
1117 1251 1264 1314 Ant.
1316 1251 1460 1314 988.
1526 1250 1677 1314 Eur.
1726 1248 1966 1315 Phoen.
2015 1253 2161 1315 834.
2239 1251 2487 1317 Nomen
2545 1254 2686 1337 ejus
2730 1253 2856 1318 fuit

399 1337 646 1402 Μαντὼ
692 1338 1045 1403 secundum
1095 1338 1386 1423 Apollod.
1433 1337 1549 1404 III.
1601 1339 1657 1403 7.
1706 1341 1764 1403 4.
1813 1344 1879 1405 et
1922 1339 2096 1406 alios,

576 1428 723 1491 445.
768 1427 842 1492 τὸ
884 1463 973 1475 -
1018 1427 1349 1512 ἐμποδὼν]
1407 1427 1513 1492 Ea
1569 1448 1759 1511 quae
1814 1429 2126 1494 instant.
2205 1430 2295 1495 cf.
2342 1429 2492 1494 Eur.
2540 1432 2654 1496 Ph.
2706 1433 2851 1495 734.

485 1518 800 1600 κομιζέτω
849 1516 1034 1602 δῆθ’]
1101 1515 1188 1581 Cf.
1249 1517 1408 1581 Phil.
1471 1518 1615 1583 759.
1681 1518 1776 1582 ΕΙ.
1827 1519 1973 1583 672.
2039 1517 2190 1583 Eur.
2236 1518 2375 1583 Tro,
2427 1521 2614 1585 1230.
2681 1521 2852 1604 οἴμοι

394 1630 523 1687 μοι.
571 1604 719 1759 XI?
767 1608 938 1690 οἴμοι
971 1607 1144 1691 δῆτα.
1192 1606 1430 1672 Phoen.
1469 1607 1612 1671 161.
1645 1608 1819 1691 ὁρᾷς.
1868 1607 2067 1672 ΑΝΤ.
2101 1610 2243 1692 ὁρῶ
2275 1609 2427 1693 δῆτ’.
2460 1607 2677 1694 Suppl.
2704 1610 2851 1675 808.

396 1696 588 1760 Arist.
689 1715 780 1761 ac.
829 1696 975 1760 967.

573 1785 721 1849 448.
769 1786 848 1850 οὗ
904 1787 1025 1870 γὰρ
1082 1787 1221 1850 ἔσθ’
1278 1786 1445 1851 ὅπου
1502 1786 1573 1869 μ’
1621 1786 1816 1871 ὀλεῖς]
1876 1785 1967 1850 Cf.
2016 1789 2116 1870 Aj.
2170 1788 2357 1852 1069.
2418 1789 2495 1853 οὐ
2543 1787 2665 1871 γὰρ
2712 1787 2851 1853 ἔσθ’

395 1868 561 1939 ὅπου
604 1875 612 1959 Ι
652 1875 863 1958 λόγων
925 1876 1195 1940 ἀκοῦσαι
1260 1878 1393 1951 ζῶν
1456 1876 1595 1940 ποτ’
1662 1875 1924 1959 ἠθέλησ’
1990 1877 2182 1959 ἐμῶν.
2261 1878 2447 1940 1103.
2515 1877 2657 1941 οὐδ’
2712 1876 2852 1942 ἔσθ’

395 1964 562 2028 ὅπου
618 1965 718 2029 σοὶ
761 1965 942 2029 τόνδε
985 1971 1306 2049 κοσμῆσαι
1368 1965 1561 2030 πλέον
1603 1965 1611 2048 Ι
1651 1967 1850 2030 ἔκειτο
1895 1964 2139 2048 θεσμὸς
2184 1968 2224 2048 ἢ
2271 1966 2397 2030 κτλ.
2462 1966 2613 2030 Eur.
2660 1965 2849 2032 Herc.

401 2055 543 2117 186.
602 2055 680 2117 οὗ
738 2053 859 2136 γὰρ
905 2055 1045 2120 ἔσθ’
1092 2055 1258 2118 ὅπου
1301 2054 1309 2138 Ι
1351 2054 1582 2120 ἐσθλόν
1628 2079 1679 2117 τι
1728 2054 1971 2136 δράσας
2021 2055 2292 2139 μάρτυρ’
2338 2057 2419 2119 ἂν
2464 2055 2683 2139 λάβοις
2727 2056 2849 2119 πά-

392 2166 562 2226 τραν.
609 2141 769 2206 Phil.
821 2145 967 2207 522.
1017 2143 1088 2208 Ο.
1121 2142 1185 2208 G.
1239 2144 1425 2208 1372.
1473 2146 1621 2209 Ant.
1672 2144 1818 2207 329.

573 2233 720 2295 449.
767 2231 876 2297 τὸν
938 2233 1142 2316 ἄνδρα
1207 2239 1429 2298 τοῦτον
1492 2235 1567 2297 ὃν
1616 2231 1733 2317 -]
1801 2232 1889 2297 Cf.
1946 2231 2132 2317 Soph.
2178 2234 2276 2298 Tr.
2326 2235 2472 2298 283.
2536 2234 2727 2299 τάσδε
2792 2232 2851 2297 δ’

392 2323 595 2403 ἅσπερ
641 2323 892 2405 εἰσορᾷς
943 2360 1022 2369 -
1070 2328 1354 2406 χωροῦσι
1417 2322 1582 2404 πρός
1626 2346 1711 2386 σε.
1779 2319 1850 2386 Ο.
1884 2320 1950 2386 O.
2004 2323 2190 2385 1150.
2255 2323 2447 2405 λόγον
2504 2323 2562 2388 δ’
2618 2325 2693 2395 ὃς
2738 2325 2849 2407 ἐμ-

391 2413 774 2494 πέμπτωκεν
818 2413 943 2475 κτλ.
1012 2413 1158 2476 283.
1227 2412 1319 2476 ΕΙ.
1382 2412 1569 2476 1364.
1636 2410 1788 2475 Eur.
1846 2409 1949 2474 Or.
2012 2413 2199 2475 1645.
2260 2412 2518 2497 Ἑλένην
2588 2413 2709 2495 μὲν
2772 2415 2852 2496 ἣν

393 2500 471 2564 σὺ
520 2536 632 2574 -,
680 2500 785 2583 ἥδ’
832 2501 1007 2565 ἐστίν.
1056 2502 1245 2566 Arist.
1294 2501 1387 2566 Pl.
1437 2501 1582 2565 200.
1642 2501 1762 2565 Av.
1812 2501 1958 2563 651.
2012 2502 2199 2565 1269.
2245 2501 2412 2566 Nub.
2466 2503 2609 2566 145.
2662 2503 2850 2566 1115.

392 2588 629 2655 Herod.
676 2589 757 2654 II.
812 2590 954 2655 106.
1017 2589 1127 2662 τὰς
1184 2590 1253 2656 δὲ
1307 2592 1534 2675 στήλας
1588 2589 1697 2663 τὰς
1742 2591 1877 2656 ἵστα
1924 2627 2012 2638 —
2058 2592 2124 2654 αῖ
2164 2591 2284 2675 μὲν
2338 2592 2599 2664 πλεῦνες
2644 2591 2850 2657 οὐκέτι

392 2681 733 2762 φαίνονται.
790 2679 1061 2764 Lycurg.
1111 2685 1149 2763 ξ
1197 2682 1298 2744 42.
1365 2680 1567 2745 Plaut.
1624 2680 1807 2765 Epid.
1855 2680 1970 2745 III.
2019 2682 2077 2743 4.
2133 2682 2229 2744 12.
2295 2683 2560 2746 ‘Istum
2633 2700 2849 2765 quem

394 2771 702 2851 quaeris
775 2789 910 2853 ego
987 2773 1186 2834 sum.’
1250 2769 1642 2836 Menaechm.
1692 2772 1753 2852 2,
1800 2771 1859 2852 2,
1908 2770 2010 2833 37.
2077 2771 2306 2854 Amph.
2355 2773 2414 2852 4,
2469 2773 2524 2854 1,
2569 2772 2623 2834 l.
2672 2770 2848 2854 Virg.

391 2862 553 2924 Aen.
599 2860 649 2923 Ι.
700 2860 844 2924 573.
892 2858 1462 2943 ‘Urbem’quam
1509 2864 1763 2923 statuo
1812 2866 2065 2924 vestra
2111 2858 2261 2924 θεῖ’.

571 2950 718 3012 451.
765 2947 1047 3033 Λαΐειον]
1096 2947 1182 3013 Of.
1237 2950 1423 3013 1216.
1470 2947 1731 3012 Λαΐειον
1779 2986 1861 2995 —
1908 2950 2146 3013 τέκνον.

570 3039 717 3102 452.
765 3036 890 3102 εἶτα
939 3037 998 3101 δ’
1051 3037 1167 3122 -]
1243 3037 1341 3102 De
1405 3039 1880 3103 constructione
1957 3039 2029 3100 cf.
2087 3041 2233 3101 Ant.
2283 3039 2429 3101 813.
2489 3036 2637 3101 οὔθ’
2694 3039 2847 3120 ὑμε-

391 3127 589 3191 ναίων
629 3129 637 3211 Ι
680 3128 1006 3210 ἔγκληρον,
1073 3126 1204 3191 οὔτ’
1269 3126 1710 3210 ἐπινυμφίδιός
1751 3125 1761 3208 Ι
1800 3127 1908 3190 πώ
1970 3128 2055 3209 μέ
2119 3151 2207 3198 τις
2261 3128 2463 3209 ὕμνος
2503 3124 2511 3209 Ι
2552 3127 2847 3210 ὕμνησεν.

396 3217 584 3280 1162.
631 3219 847 3288 σώσας
898 3217 1018 3299 μὲν
1072 3217 1333 3299 ἐχθρῶν
1386 3217 1572 3299 τήνδε
1616 3215 1950 3298 Καδμείαν
2007 3216 2244 3299 χθόνα,
2286 3217 2296 3300 Ι
2336 3215 2555 3298 λαβών
2607 3239 2671 3279 τε
2714 3217 2846 3298 χώ-

391 3331 508 3388 ρας
569 3306 843 3389 παντελῆ
903 3308 1257 3390 μοναρχίαν
1298 3307 1307 3388 Ι
1349 3306 1594 3370 εὔθυνε.
1664 3306 1811 3370 291.
1876 3312 2097 3389 κρυφῆ
2159 3306 2328 3387 κάρα
2387 3305 2651 3375 σείοντες
2707 3305 2848 3369 οὐδ’

392 3395 519 3460 ὑπὸ
567 3398 747 3479 ζυγῷ
791 3395 995 3478 λόφον
1029 3395 1290 3465 δικαίως
1337 3394 1521 3479 εἶχον.
1575 3394 1763 3458 1188.
1811 3393 1972 3458 κατὰ
2001 3394 2121 3476 μὲν
2159 3395 2399 3477 φθίσας
2432 3432 2515 3441 -
2548 3394 2850 3459 θανάτων

393 3485 451 3548 δ’
498 3486 624 3569 ἐμᾷ
685 3485 871 3569 χώρᾳ
935 3485 1180 3567 πύργος
1244 3485 1483 3548 ἀνέστα.
1549 3483 1642 3548 El.
1694 3484 1796 3546 63.
1850 3483 1947 3547 Tr.
1996 3485 2142 3547 838.
2212 3484 2437 3548 Aesoh.
2486 3481 2652 3568 Sept.
2703 3485 2848 3547 554.

391 3574 554 3658 ἀνὴρ
601 3576 927 3658 ἄκομπος,
983 3574 1117 3658 χεὶρ
1177 3574 1235 3638 δ’
1283 3574 1407 3656 ὁρᾷ
1460 3573 1530 3636 τὸ
1579 3572 1911 3656 δράσιμον.
1970 3574 2115 3637 814.
2162 3579 2415 3642 τοιαῦτα
2462 3573 2699 3656 χαίρειν
2743 3573 2850 3636 καὶ

394 3664 788 3746 δακρύεσθαι
851 3664 1052 3746 πάρα·
1095 3663 1104 3744 Ι
1144 3664 1327 3727 πόλιν
1379 3662 1500 3745 μὲν
1554 3660 1624 3726 εὖ
1670 3663 2103 3746 πράσσουσαν,
2162 3664 2224 3727 οῖ
2289 3662 2347 3725 δ’
2405 3662 2716 3725 ἐπιστάται
2766 3697 2845 3707 —-

394 3753 682 3836 διέλαχον
726 3754 851 3817 κτλ.
901 3752 1048 3818 Luc.
1099 3751 1340 3835 Evang.
1388 3752 1563 3815 VIII.
1617 3753 1714 3815 12.
1775 3752 1835 3816 οἱ
1891 3752 1961 3816 δὲ
2015 3751 2189 3834 παρὰ
2236 3751 2348 3835 τὴν
2394 3751 2550 3816 ὁδόν
2595 3752 2744 3815 εἰσιν
2790 3751 2851 3815 οἱ

393 3843 758 3915 ἀκούοντες,
806 3841 931 3906 εἶτα
964 3844 1204 3927 ἔρχεται
1237 3842 1274 3905 ὁ
1308 3841 1603 3924 διάβολος
1632 3841 1760 3904 κτλ.
1897 3841 2077 3915 ξένος
2098 3879 2179 3888 —-
2201 3840 2524 3925 μέτοικος]
2573 3839 2665 3905 Cf.
2698 3838 2848 3904 Eur.

393 3930 606 4015 Suppl.
656 3932 802 3995 892.
848 3931 996 4003 τοὺς
1038 3936 1485 4014 μετοικοῦντας
1531 3932 1767 4005 ξένους.
1815 3931 2008 3995 Arist.
2058 3929 2171 4013 Eq.
2221 3931 2366 3994 347.
2418 3932 2482 3994 εἴ
2514 3953 2644 3994 που
2693 3930 2846 3993 δικί-

397 4021 532 4085 διον
577 4018 754 4091 εἷπας
800 4019 869 4085 εὖ
915 4021 1075 4084 κατὰ
1123 4022 1306 4095 ξένου
1360 4021 1678 4103 μετοίκου.
1741 4020 1892 4085 Ch0.
1943 4021 2088 4084 684.
2144 4021 2441 4103 μέτοικον
2496 4021 2560 4091 ἐς
2604 4019 2676 4082 τὸ
2720 4023 2849 4082 πᾶν

393 4109 487 4174 ἀεὶ
534 4112 715 4184 ξένον
756 4109 766 4195 Ι
805 4111 1085 4175 θάπτειν.
1172 4109 1510 4175 Distinctio
1556 4109 1629 4174 fit
1674 4111 1973 4175 Aeschin.
2007 4109 2054 4173 I.
2092 4110 2235 4174 195.
2282 4108 2431 4180 τοὺς
2477 4111 2697 4184 ξένους
2741 4108 2850 4171 καὶ

391 4199 537 4271 τοὺς
579 4201 930 4283 μετοίκους.
1066 4198 1352 4283 ἐγγενής]
1399 4200 1447 4264 Ι.
1481 4219 1533 4264 θ.
1580 4199 1785 4270 ἀστός.
1863 4197 1951 4262 Cf.
2000 4200 2229 4264 Aesch.
2269 4198 2420 4264 Cho.
2457 4199 2604 4262 459.
2650 4197 2850 4269 πόνος

391 4289 646 4372 ἐγγενής
691 4291 761 4368 (i.
810 4308 860 4353 e.
918 4289 1047 4353 ἀπὸ
1101 4294 1230 4353 τῶν
1285 4289 1352 4352 ἐν
1398 4290 1598 4371 γένει).
1662 4288 1877 4372 Suppl.
1929 4290 2073 4351 335.
2130 4288 2331 4372 κῆδος
2379 4287 2639 4370 ἐγγενές.
2696 4286 2846 4350 Eur.

389 4378 523 4441 Ion.
560 4379 706 4441 305.
753 4379 861 4442 καὶ
906 4383 1049 4450 πῶς
1095 4380 1273 4453 ξένος
1318 4380 1414 4441 ὢν
1460 4380 1637 4461 ἔσχεν
1670 4376 1869 4441 οὖσαν
1900 4379 2122 4459 ἐγγενῆ
2133 4401 2155 4453 ,·
2203 4377 2394 4441 Arist.
2428 4376 2619 4460 Vesp.
2658 4374 2846 4440 1076.

381 4468 642 4531 Ἀττικοὶ
686 4468 876 4549 μόνοι
925 4468 1185 4539 δικαίως
1230 4468 1495 4549 ἐγγενεῖς
1540 4467 1947 4550 αὐτόχθονες.
