<?xml version="1.0" encoding="UTF-8"?>
<!DOCTYPE html PUBLIC "-//W3C//DTD XHTML 1.0 Transitional//EN"
    "http://www.w3.org/TR/xhtml1/DTD/xhtml1-transitional.dtd">
<html xmlns="http://www.w3.org/1999/xhtml" xml:lang="en" lang="en">
 <head>
  <title>
</title>
<meta http-equiv="Content-Type" content="text/html;charset=utf-8" />
  <meta name='ocr-system' content='tesseract 3.04.00' />
  <meta name='ocr-capabilities' content='ocr_page ocr_carea ocr_par ocr_line ocrx_word'/>
</head>
<body>
  <div class='ocr_page' id='page_1' title='image "./spicilegiumsoph01blaygoog_0278.png"; bbox 0 0 3463 5287; ppageno 0'>
   <div class='ocr_carea' id='block_1_1' title="bbox 618 413 2053 479">
    <p class='ocr_par' dir='ltr' id='par_1_1' title="bbox 618 413 2053 479">
     <span class='ocr_line' id='line_1_1' title="bbox 618 413 2053 479; baseline 0 -3"><span class='ocrx_word' id='word_1_1' title='bbox 618 413 746 477; x_wconf 84' lang='grc'><strong>266</strong></span> <span class='ocrx_word' id='word_1_2' title='bbox 1632 433 1885 479; x_wconf 74' lang='grc' dir='ltr'><em>οιιῡιΡυε</em></span> <span class='ocrx_word' id='word_1_3' title='bbox 1930 433 2053 479; x_wconf 70' lang='lat' dir='ltr'><em>mcx</em></span> 
     </span>
    </p>
   </div>
   <div class='ocr_carea' id='block_1_2' title="bbox 612 591 3080 4518">
    <p class='ocr_par' dir='ltr' id='par_1_2' title="bbox 612 591 3076 3340">
     <span class='ocr_line' id='line_1_2' title="bbox 616 591 3065 675; baseline -0 -19"><span class='ocrx_word' id='word_1_4' title='bbox 616 593 916 675; x_wconf 79' lang='grc' dir='ltr'><em>γονάτων.</em></span> <span class='ocrx_word' id='word_1_5' title='bbox 966 593 1110 655; x_wconf 98' lang='grc'><strong>923.</strong></span> <span class='ocrx_word' id='word_1_6' title='bbox 1158 591 1395 675; x_wconf 83' lang='grc' dir='ltr'><em>σεμνὰν</em></span> <span class='ocrx_word' id='word_1_7' title='bbox 1439 593 1807 675; x_wconf 87' lang='grc' dir='ltr'><em>προσίζουσ’</em></span> <span class='ocrx_word' id='word_1_8' title='bbox 1857 594 1977 656; x_wconf 80' lang='grc' dir='ltr'><em>οὐκ</em></span> <span class='ocrx_word' id='word_1_9' title='bbox 2023 591 2203 675; x_wconf 84' lang='grc' dir='ltr'><em>ἤνυσ’</em></span> <span class='ocrx_word' id='word_1_10' title='bbox 2234 591 2541 675; x_wconf 78' lang='grc' dir='ltr'><em>Ἄρτεμιν.</em></span> <span class='ocrx_word' id='word_1_11' title='bbox 2593 591 2696 656; x_wconf 91' lang='lat' dir='ltr'><em>Or.</em></span> <span class='ocrx_word' id='word_1_12' title='bbox 2734 593 2878 656; x_wconf 89' lang='lat'>345.</span> <span class='ocrx_word' id='word_1_13' title='bbox 2926 591 3065 667; x_wconf 84' lang='grc' dir='ltr'><em>ἑζό-</em></span> 
     </span>
     <span class='ocr_line' id='line_1_3' title="bbox 612 680 3070 765; baseline -0 -20"><span class='ocrx_word' id='word_1_14' title='bbox 612 682 826 765; x_wconf 89' lang='grc' dir='ltr'><em>μεσθα</em></span> <span class='ocrx_word' id='word_1_15' title='bbox 895 681 972 764; x_wconf 85' lang='grc' dir='ltr'><em>δὴ</em></span> <span class='ocrx_word' id='word_1_16' title='bbox 1024 680 1036 765; x_wconf 75' lang='grc' dir='ltr'>Ι</span> <span class='ocrx_word' id='word_1_17' title='bbox 1083 683 1290 746; x_wconf 82' lang='grc' dir='ltr'><strong><em>ἱκέται.</em></strong></span> <span class='ocrx_word' id='word_1_18' title='bbox 1366 680 1554 746; x_wconf 90' lang='lat' dir='ltr'>Herc.</span> <span class='ocrx_word' id='word_1_19' title='bbox 1606 684 1750 746; x_wconf 88' lang='lat'>715.</span> <span class='ocrx_word' id='word_1_20' title='bbox 1816 683 2001 747; x_wconf 79' lang='grc' dir='ltr'><strong><em>ἱκέτιν</em></strong></span> <span class='ocrx_word' id='word_1_21' title='bbox 2065 682 2227 765; x_wconf 86' lang='grc' dir='ltr'><em>πρὸς</em></span> <span class='ocrx_word' id='word_1_22' title='bbox 2283 683 2497 764; x_wconf 83' lang='grc' dir='ltr'><em>ἁγνοῖς</em></span> <span class='ocrx_word' id='word_1_23' title='bbox 2551 682 2754 752; x_wconf 83' lang='grc' dir='ltr'><em>ἑστίας</em></span> <span class='ocrx_word' id='word_1_24' title='bbox 2808 682 3070 746; x_wconf 75' lang='grc' dir='ltr'><em>θάσσειν</em></span> 
     </span>
     <span class='ocr_line' id='line_1_4' title="bbox 613 770 3067 855; baseline -0 -21"><span class='ocrx_word' id='word_1_25' title='bbox 613 771 903 854; x_wconf 75' lang='grc' dir='ltr'><em>βάθροις.</em></span> <span class='ocrx_word' id='word_1_26' title='bbox 955 772 1142 834; x_wconf 84' lang='grc'><strong>1214.</strong></span> <span class='ocrx_word' id='word_1_27' title='bbox 1190 772 1333 835; x_wconf 83' lang='grc' dir='ltr'><em>εἷεν·</em></span> <span class='ocrx_word' id='word_1_28' title='bbox 1381 771 1451 835; x_wconf 84' lang='grc' dir='ltr'><em>σὲ</em></span> <span class='ocrx_word' id='word_1_29' title='bbox 1503 770 1614 834; x_wconf 87' lang='grc' dir='ltr'><em>τὸν</em></span> <span class='ocrx_word' id='word_1_30' title='bbox 1659 772 1981 835; x_wconf 82' lang='grc' dir='ltr'><em>θάσσοντα</em></span> <span class='ocrx_word' id='word_1_31' title='bbox 2036 772 2382 855; x_wconf 88' lang='grc' dir='ltr'><em>δυστήνους</em></span> <span class='ocrx_word' id='word_1_32' title='bbox 2427 772 2620 851; x_wconf 79' lang='grc' dir='ltr'><em>ἔδρας</em></span> <span class='ocrx_word' id='word_1_33' title='bbox 2660 772 2668 854; x_wconf 88' lang='grc' dir='ltr'>Ι</span> <span class='ocrx_word' id='word_1_34' title='bbox 2710 772 2895 835; x_wconf 82' lang='grc' dir='ltr'><em>αὐδῶ</em></span> <span class='ocrx_word' id='word_1_35' title='bbox 2940 771 3067 834; x_wconf 86' lang='grc' dir='ltr'><em>κτλ.</em></span> 
     </span>
     <span class='ocr_line' id='line_1_5' title="bbox 613 859 3072 943; baseline 0 -19"><span class='ocrx_word' id='word_1_36' title='bbox 613 862 750 925; x_wconf 85' lang='lat' dir='ltr'>Tro.</span> <span class='ocrx_word' id='word_1_37' title='bbox 803 862 946 924; x_wconf 84' lang='lat'>138.</span> <span class='ocrx_word' id='word_1_38' title='bbox 1011 862 1184 943; x_wconf 84' lang='grc' dir='ltr'><em>ὤμοι</em></span> <span class='ocrx_word' id='word_1_39' title='bbox 1239 860 1490 932; x_wconf 88' lang='grc' dir='ltr'><em>θάκους</em></span> <span class='ocrx_word' id='word_1_40' title='bbox 1535 863 1649 931; x_wconf 85' lang='grc' dir='ltr'><em>οὓς</em></span> <span class='ocrx_word' id='word_1_41' title='bbox 1694 861 1942 925; x_wconf 82' lang='grc' dir='ltr'><em>θάσσω.</em></span> <span class='ocrx_word' id='word_1_42' title='bbox 1990 861 2175 925; x_wconf 88' lang='lat' dir='ltr'>Rhes.</span> <span class='ocrx_word' id='word_1_43' title='bbox 2227 861 2372 924; x_wconf 88' lang='lat'>512.</span> <span class='ocrx_word' id='word_1_44' title='bbox 2426 866 2650 925; x_wconf 87' lang='grc' dir='ltr'><em>τοῦτον</em></span> <span class='ocrx_word' id='word_1_45' title='bbox 2697 859 2755 924; x_wconf 91' lang='grc' dir='ltr'><em>δ’</em></span> <span class='ocrx_word' id='word_1_46' title='bbox 2802 862 2876 924; x_wconf 90' lang='grc' dir='ltr'><em>ὃν</em></span> <span class='ocrx_word' id='word_1_47' title='bbox 2921 861 3072 934; x_wconf 74' lang='grc' dir='ltr'><em>ἵζειν</em></span> 
     </span>
     <span class='ocr_line' id='line_1_6' title="bbox 615 948 3066 1036; baseline 0 -22"><span class='ocrx_word' id='word_1_48' title='bbox 615 950 745 1034; x_wconf 88' lang='grc' dir='ltr'><em>φὴς</em></span> <span class='ocrx_word' id='word_1_49' title='bbox 800 950 877 1014; x_wconf 90' lang='grc' dir='ltr'><em>σὺ</em></span> <span class='ocrx_word' id='word_1_50' title='bbox 933 949 1262 1021; x_wconf 82' lang='grc' dir='ltr'><em>κλωπικὰς</em></span> <span class='ocrx_word' id='word_1_51' title='bbox 1307 950 1524 1033; x_wconf 80' lang='grc' dir='ltr'><em>ἔδρας,</em></span> <span class='ocrx_word' id='word_1_52' title='bbox 1571 950 1696 1013; x_wconf 90' lang='grc' dir='ltr'><em>κτλ.</em></span> <span class='ocrx_word' id='word_1_53' title='bbox 1767 953 1954 1014; x_wconf 86' lang='lat' dir='ltr'>Arist.</span> <span class='ocrx_word' id='word_1_54' title='bbox 2002 949 2145 1030; x_wconf 80' lang='lat' dir='ltr'>LyS.</span> <span class='ocrx_word' id='word_1_55' title='bbox 2201 951 2385 1013; x_wconf 89' lang='grc'><strong>1140.</strong></span> <span class='ocrx_word' id='word_1_56' title='bbox 2433 950 2638 1033; x_wconf 85' lang='grc' dir='ltr'><em>ἱκέτης</em></span> <span class='ocrx_word' id='word_1_57' title='bbox 2699 951 3008 1025; x_wconf 80' lang='grc' dir='ltr'><em>καθέζετο</em></span> <span class='ocrx_word' id='word_1_58' title='bbox 3060 948 3066 1036; x_wconf 80' lang='grc' dir='ltr'>Ι</span> 
     </span>
     <span class='ocr_line' id='line_1_7' title="bbox 615 1038 3071 1123; baseline -0.001 -19"><span class='ocrx_word' id='word_1_59' title='bbox 615 1040 715 1104; x_wconf 81' lang='grc' dir='ltr'><em>ἐπὶ</em></span> <span class='ocrx_word' id='word_1_60' title='bbox 776 1044 928 1103; x_wconf 90' lang='grc' dir='ltr'><em>τοῖσι</em></span> <span class='ocrx_word' id='word_1_61' title='bbox 991 1041 1255 1122; x_wconf 83' lang='grc' dir='ltr'><em>βωμοῖς.</em></span> <span class='ocrx_word' id='word_1_62' title='bbox 1319 1039 1561 1103; x_wconf 86' lang='lat' dir='ltr'>Thesm.</span> <span class='ocrx_word' id='word_1_63' title='bbox 1612 1040 1758 1103; x_wconf 84' lang='lat'>889.</span> <span class='ocrx_word' id='word_1_64' title='bbox 1823 1041 1882 1103; x_wconf 89' lang='grc' dir='ltr'><em>τί</em></span> <span class='ocrx_word' id='word_1_65' title='bbox 1934 1040 2011 1123; x_wconf 90' lang='grc' dir='ltr'><em>δὴ</em></span> <span class='ocrx_word' id='word_1_66' title='bbox 2070 1038 2148 1103; x_wconf 89' lang='grc' dir='ltr'><em>σὺ</em></span> <span class='ocrx_word' id='word_1_67' title='bbox 2194 1039 2453 1110; x_wconf 85' lang='grc' dir='ltr'><em>θάσσεις</em></span> <span class='ocrx_word' id='word_1_68' title='bbox 2498 1039 2686 1103; x_wconf 91' lang='grc' dir='ltr'><em>τάσδε</em></span> <span class='ocrx_word' id='word_1_69' title='bbox 2730 1040 3071 1122; x_wconf 80' lang='grc' dir='ltr'><em>τυμβήρεις</em></span> 
     </span>
     <span class='ocr_line' id='line_1_8' title="bbox 615 1129 3066 1212; baseline 0 -20"><span class='ocrx_word' id='word_1_70' title='bbox 615 1129 839 1211; x_wconf 81' lang='grc' dir='ltr'><em>ἔδρας,·</em></span> <span class='ocrx_word' id='word_1_71' title='bbox 886 1129 1126 1212; x_wconf 66' lang='lat' dir='ltr'>ffrag..)</span> <span class='ocrx_word' id='word_1_72' title='bbox 1193 1129 1284 1193; x_wconf 88' lang='lat' dir='ltr'><em>Pl.</em></span> <span class='ocrx_word' id='word_1_73' title='bbox 1334 1130 1479 1192; x_wconf 86' lang='lat'>382.</span> <span class='ocrx_word' id='word_1_74' title='bbox 1555 1130 1656 1193; x_wconf 80' lang='grc' dir='ltr'><em>ἐπὶ</em></span> <span class='ocrx_word' id='word_1_75' title='bbox 1709 1135 1822 1193; x_wconf 87' lang='grc' dir='ltr'><em>τοῦ</em></span> <span class='ocrx_word' id='word_1_76' title='bbox 1883 1130 2171 1212; x_wconf 83' lang='grc' dir='ltr'><em>βήματος</em></span> <span class='ocrx_word' id='word_1_77' title='bbox 2224 1129 2806 1211; x_wconf 76' lang='grc' dir='ltr'><em>καθεδούμενον</em></span> <span class='ocrx_word' id='word_1_78' title='bbox 2854 1130 2864 1211; x_wconf 85' lang='grc' dir='ltr'>Ι</span> <span class='ocrx_word' id='word_1_79' title='bbox 2914 1130 3066 1193; x_wconf 82' lang='grc' dir='ltr'><em>ἱκε-</em></span> 
     </span>
     <span class='ocr_line' id='line_1_9' title="bbox 613 1218 3071 1301; baseline -0 -20"><span class='ocrx_word' id='word_1_80' title='bbox 613 1219 877 1301; x_wconf 89' lang='grc' dir='ltr'><em>τηρίαν</em></span> <span class='ocrx_word' id='word_1_81' title='bbox 931 1219 1170 1301; x_wconf 79' lang='grc' dir='ltr'><em>ἔχοντα.</em></span> <span class='ocrx_word' id='word_1_82' title='bbox 1234 1218 1424 1282; x_wconf 86' lang='lat' dir='ltr'>Thuc.</span> <span class='ocrx_word' id='word_1_83' title='bbox 1471 1218 1519 1282; x_wconf 97' lang='grc' dir='ltr'><strong>Ι.</strong></span> <span class='ocrx_word' id='word_1_84' title='bbox 1570 1220 1670 1282; x_wconf 88' lang='grc'><em>24.</em></span> <span class='ocrx_word' id='word_1_85' title='bbox 1735 1224 1925 1281; x_wconf 84' lang='grc' dir='ltr'><em>ταῦτα</em></span> <span class='ocrx_word' id='word_1_86' title='bbox 1993 1218 2062 1281; x_wconf 85' lang='grc' dir='ltr'><em>δὲ</em></span> <span class='ocrx_word' id='word_1_87' title='bbox 2135 1219 2370 1282; x_wconf 79' lang='grc' dir='ltr'><em>ἱκέται</em></span> <span class='ocrx_word' id='word_1_88' title='bbox 2433 1218 2950 1301; x_wconf 84' lang='grc' dir='ltr'><em>καθεζόμενοι</em></span> <span class='ocrx_word' id='word_1_89' title='bbox 3006 1219 3071 1289; x_wconf 82' lang='grc' dir='ltr'><em>ἐς</em></span> 
     </span>
     <span class='ocr_line' id='line_1_10' title="bbox 614 1305 3069 1390; baseline -0.001 -18"><span class='ocrx_word' id='word_1_90' title='bbox 614 1307 684 1372; x_wconf 86' lang='grc' dir='ltr'><em>τὸ</em></span> <span class='ocrx_word' id='word_1_91' title='bbox 721 1305 990 1389; x_wconf 87' lang='grc' dir='ltr'><em>Ἡραῖον</em></span> <span class='ocrx_word' id='word_1_92' title='bbox 1035 1307 1301 1371; x_wconf 78' lang='grc' dir='ltr'><em>ἐδέοντο.</em></span> <span class='ocrx_word' id='word_1_93' title='bbox 1349 1307 1395 1370; x_wconf 94' lang='grc' dir='ltr'><strong>Ι.</strong></span> <span class='ocrx_word' id='word_1_94' title='bbox 1450 1308 1592 1371; x_wconf 91' lang='grc'><strong>126.</strong></span> <span class='ocrx_word' id='word_1_95' title='bbox 1644 1308 1698 1369; x_wconf 94' lang='grc'><strong>7.</strong></span> <span class='ocrx_word' id='word_1_96' title='bbox 1746 1308 2199 1382; x_wconf 84' lang='grc' dir='ltr'><em>καθίζουσιν</em></span> <span class='ocrx_word' id='word_1_97' title='bbox 2244 1308 2344 1371; x_wconf 78' lang='grc' dir='ltr'><em>ἐπὶ</em></span> <span class='ocrx_word' id='word_1_98' title='bbox 2388 1306 2497 1372; x_wconf 84' lang='grc' dir='ltr'><em>τὸν</em></span> <span class='ocrx_word' id='word_1_99' title='bbox 2541 1307 2773 1390; x_wconf 88' lang='grc' dir='ltr'><em>βωμὸν</em></span> <span class='ocrx_word' id='word_1_100' title='bbox 2817 1308 3069 1370; x_wconf 89' lang='grc' dir='ltr'><em>ἱκέται.</em></span> 
     </span>
     <span class='ocr_line' id='line_1_11' title="bbox 615 1395 3070 1480; baseline -0 -20"><span class='ocrx_word' id='word_1_101' title='bbox 615 1396 728 1460; x_wconf 90' lang='lat' dir='ltr'>III.</span> <span class='ocrx_word' id='word_1_102' title='bbox 780 1399 881 1460; x_wconf 92' lang='lat'><em>75.</em></span> <span class='ocrx_word' id='word_1_103' title='bbox 928 1398 987 1460; x_wconf 87' lang='lat'><em>4.</em></span> <span class='ocrx_word' id='word_1_104' title='bbox 1034 1397 1406 1471; x_wconf 84' lang='grc' dir='ltr'><em>καθίζουσιν</em></span> <span class='ocrx_word' id='word_1_105' title='bbox 1453 1397 1518 1468; x_wconf 82' lang='grc' dir='ltr'><em>ἐς</em></span> <span class='ocrx_word' id='word_1_106' title='bbox 1561 1396 1632 1460; x_wconf 84' lang='grc' dir='ltr'><em>τὸ</em></span> <span class='ocrx_word' id='word_1_107' title='bbox 1669 1395 1938 1480; x_wconf 83' lang='grc' dir='ltr'><em>Ἡραῖον</em></span> <span class='ocrx_word' id='word_1_108' title='bbox 1983 1397 2191 1460; x_wconf 77' lang='grc' dir='ltr'><em>ἱκέται.</em></span> <span class='ocrx_word' id='word_1_109' title='bbox 2240 1395 2384 1478; x_wconf 82' lang='lat' dir='ltr'>Lys.</span> <span class='ocrx_word' id='word_1_110' title='bbox 2431 1417 2489 1480; x_wconf 92' lang='lat' dir='ltr'><em>p.</em></span> <span class='ocrx_word' id='word_1_111' title='bbox 2542 1397 2686 1479; x_wconf 84' lang='lat'><em>191,</em></span> <span class='ocrx_word' id='word_1_112' title='bbox 2729 1397 2828 1460; x_wconf 89' lang='lat'><em>30.</em></span> <span class='ocrx_word' id='word_1_113' title='bbox 2876 1397 3070 1460; x_wconf 80' lang='grc' dir='ltr'><em>ἱκέται</em></span> 
     </span>
     <span class='ocr_line' id='line_1_12' title="bbox 617 1484 3071 1569; baseline -0 -19"><span class='ocrx_word' id='word_1_114' title='bbox 617 1487 717 1551; x_wconf 78' lang='grc' dir='ltr'><em>ἐπὶ</em></span> <span class='ocrx_word' id='word_1_115' title='bbox 778 1485 887 1550; x_wconf 88' lang='grc' dir='ltr'><em>τὸν</em></span> <span class='ocrx_word' id='word_1_116' title='bbox 947 1484 1179 1569; x_wconf 84' lang='grc' dir='ltr'><em>βωμὸν</em></span> <span class='ocrx_word' id='word_1_117' title='bbox 1251 1488 1411 1566; x_wconf 85' lang='grc' dir='ltr'><em>(τῶν</em></span> <span class='ocrx_word' id='word_1_118' title='bbox 1472 1488 1723 1569; x_wconf 85' lang='grc' dir='ltr'><em>βωμῶν</em></span> <span class='ocrx_word' id='word_1_119' title='bbox 1771 1486 1879 1566; x_wconf 81' lang='lat' dir='ltr'>al.)</span> <span class='ocrx_word' id='word_1_120' title='bbox 1945 1486 2345 1560; x_wconf 75' lang='grc' dir='ltr'><em>ἐκαθέζοντο.</em></span> <span class='ocrx_word' id='word_1_121' title='bbox 2421 1485 2658 1550; x_wconf 83' lang='lat' dir='ltr'>Herod.</span> <span class='ocrx_word' id='word_1_122' title='bbox 2706 1485 2753 1549; x_wconf 86' lang='grc' dir='ltr'><em>Ι.</em></span> <span class='ocrx_word' id='word_1_123' title='bbox 2801 1487 2905 1549; x_wconf 94' lang='grc'><em>45.</em></span> <span class='ocrx_word' id='word_1_124' title='bbox 2970 1486 3071 1549; x_wconf 78' lang='grc' dir='ltr'><em>ἐπὶ</em></span> 
     </span>
     <span class='ocr_line' id='line_1_13' title="bbox 617 1574 3068 1659; baseline -0.001 -20"><span class='ocrx_word' id='word_1_125' title='bbox 617 1577 736 1639; x_wconf 89' lang='grc' dir='ltr'><em>δύο</em></span> <span class='ocrx_word' id='word_1_126' title='bbox 783 1577 918 1639; x_wconf 83' lang='grc' dir='ltr'><em>ἔτεα</em></span> <span class='ocrx_word' id='word_1_127' title='bbox 966 1575 1033 1639; x_wconf 82' lang='grc' dir='ltr'><em>ἐν</em></span> <span class='ocrx_word' id='word_1_128' title='bbox 1078 1575 1305 1639; x_wconf 82' lang='grc' dir='ltr'><em>πένθεϊ</em></span> <span class='ocrx_word' id='word_1_129' title='bbox 1342 1575 1603 1657; x_wconf 88' lang='grc' dir='ltr'><em>μεγάλῳ</em></span> <span class='ocrx_word' id='word_1_130' title='bbox 1638 1582 1911 1659; x_wconf 86' lang='grc' dir='ltr'><em>κατῆστο</em></span> <span class='ocrx_word' id='word_1_131' title='bbox 1941 1581 2054 1639; x_wconf 84' lang='grc' dir='ltr'><em>τοῦ</em></span> <span class='ocrx_word' id='word_1_132' title='bbox 2085 1574 2314 1645; x_wconf 86' lang='grc' dir='ltr'><em>παιδὸς</em></span> <span class='ocrx_word' id='word_1_133' title='bbox 2345 1576 2771 1658; x_wconf 90' lang='grc' dir='ltr'><em>ἐστερημένος.</em></span> <span class='ocrx_word' id='word_1_134' title='bbox 2818 1574 2900 1638; x_wconf 87' lang='lat'>11.</span> <span class='ocrx_word' id='word_1_135' title='bbox 2926 1575 3068 1637; x_wconf 89' lang='lat'>113.</span> 
     </span>
     <span class='ocr_line' id='line_1_14' title="bbox 616 1663 3069 1747; baseline -0.001 -18"><span class='ocrx_word' id='word_1_136' title='bbox 616 1666 810 1729; x_wconf 78' lang='grc' dir='ltr'><em>ἱκέται</em></span> <span class='ocrx_word' id='word_1_137' title='bbox 855 1664 1133 1747; x_wconf 86' lang='grc' dir='ltr'><em>ἱζόμενοι</em></span> <span class='ocrx_word' id='word_1_138' title='bbox 1163 1670 1274 1728; x_wconf 85' lang='grc' dir='ltr'><em>τοῦ</em></span> <span class='ocrx_word' id='word_1_139' title='bbox 1306 1664 1484 1728; x_wconf 85' lang='grc' dir='ltr'><em>θεοῦ.</em></span> <span class='ocrx_word' id='word_1_140' title='bbox 1531 1663 1642 1728; x_wconf 91' lang='lat' dir='ltr'><em>IV.</em></span> <span class='ocrx_word' id='word_1_141' title='bbox 1673 1666 1817 1727; x_wconf 86' lang='lat'>165.</span> <span class='ocrx_word' id='word_1_142' title='bbox 1856 1665 2221 1746; x_wconf 76' lang='grc' dir='ltr'><em>Ἀρυάνδεω</em></span> <span class='ocrx_word' id='word_1_143' title='bbox 2269 1665 2452 1735; x_wconf 90' lang='grc' dir='ltr'><em>ἱκέτις</em></span> <span class='ocrx_word' id='word_1_144' title='bbox 2497 1666 2669 1739; x_wconf 80' lang='grc' dir='ltr'><em>ἕζετο</em></span> <span class='ocrx_word' id='word_1_145' title='bbox 2714 1670 3069 1746; x_wconf 88' lang='grc' dir='ltr'><em>τιμωρῆσαι</em></span> 
     </span>
     <span class='ocr_line' id='line_1_15' title="bbox 616 1752 3070 1838; baseline -0.001 -20"><span class='ocrx_word' id='word_1_146' title='bbox 616 1757 824 1838; x_wconf 82' lang='grc' dir='ltr'><em>ἑωυτῇ</em></span> <span class='ocrx_word' id='word_1_147' title='bbox 887 1753 1248 1818; x_wconf 84' lang='grc' dir='ltr'><em>κελεύουσα.</em></span> <span class='ocrx_word' id='word_1_148' title='bbox 1313 1752 1388 1816; x_wconf 91' lang='lat' dir='ltr'><em>V.</em></span> <span class='ocrx_word' id='word_1_149' title='bbox 1439 1755 1538 1816; x_wconf 91' lang='lat'>71.</span> <span class='ocrx_word' id='word_1_150' title='bbox 1586 1754 1791 1837; x_wconf 86' lang='grc' dir='ltr'><em>ἱκέτης</em></span> <span class='ocrx_word' id='word_1_151' title='bbox 1839 1755 2003 1828; x_wconf 78' lang='grc' dir='ltr'><em>ἵζετο</em></span> <span class='ocrx_word' id='word_1_152' title='bbox 2066 1753 2230 1837; x_wconf 86' lang='grc' dir='ltr'><em>πρὸς</em></span> <span class='ocrx_word' id='word_1_153' title='bbox 2292 1753 2363 1817; x_wconf 86' lang='grc' dir='ltr'><em>τὸ</em></span> <span class='ocrx_word' id='word_1_154' title='bbox 2428 1753 2698 1836; x_wconf 84' lang='grc' dir='ltr'><em>ἄγαλμα.</em></span> <span class='ocrx_word' id='word_1_155' title='bbox 2768 1753 2873 1816; x_wconf 85' lang='lat' dir='ltr'><em>VI.</em></span> <span class='ocrx_word' id='word_1_156' title='bbox 2929 1754 3070 1816; x_wconf 90' lang='grc'><strong>108.</strong></span> 
     </span>
     <span class='ocr_line' id='line_1_16' title="bbox 616 1842 3070 1926; baseline -0.001 -18"><span class='ocrx_word' id='word_1_157' title='bbox 616 1845 807 1908; x_wconf 85' lang='grc' dir='ltr'><em>ἱκέται</em></span> <span class='ocrx_word' id='word_1_158' title='bbox 853 1843 1132 1926; x_wconf 87' lang='grc' dir='ltr'><em>ἱζόμενοι</em></span> <span class='ocrx_word' id='word_1_159' title='bbox 1178 1843 1279 1906; x_wconf 83' lang='grc' dir='ltr'><em>ἐπὶ</em></span> <span class='ocrx_word' id='word_1_160' title='bbox 1323 1842 1431 1907; x_wconf 86' lang='grc' dir='ltr'><em>τὸν</em></span> <span class='ocrx_word' id='word_1_161' title='bbox 1475 1842 1717 1926; x_wconf 88' lang='grc' dir='ltr'><em>βωμόν.</em></span> <span class='ocrx_word' id='word_1_162' title='bbox 1771 1842 1912 1907; x_wconf 84' lang='lat' dir='ltr'>VII.</span> <span class='ocrx_word' id='word_1_163' title='bbox 1965 1845 2106 1907; x_wconf 92' lang='grc'><strong>120.</strong></span> <span class='ocrx_word' id='word_1_164' title='bbox 2163 1844 2406 1917; x_wconf 82' lang='grc' dir='ltr'><em>ἵζεσθαι</em></span> <span class='ocrx_word' id='word_1_165' title='bbox 2454 1843 2660 1913; x_wconf 89' lang='grc' dir='ltr'><em>ἱκέτας</em></span> <span class='ocrx_word' id='word_1_166' title='bbox 2704 1848 2833 1907; x_wconf 85' lang='grc' dir='ltr'><em>τῶν</em></span> <span class='ocrx_word' id='word_1_167' title='bbox 2878 1842 3070 1906; x_wconf 86' lang='grc' dir='ltr'><em>θεῶν.</em></span> 
     </span>
     <span class='ocr_line' id='line_1_17' title="bbox 616 1931 3073 2015; baseline -0.001 -18"><span class='ocrx_word' id='word_1_168' title='bbox 616 1933 782 1997; x_wconf 84' lang='lat' dir='ltr'>Plut.</span> <span class='ocrx_word' id='word_1_169' title='bbox 831 1933 970 1997; x_wconf 88' lang='lat' dir='ltr'>Per.</span> <span class='ocrx_word' id='word_1_170' title='bbox 1021 1934 1121 1995; x_wconf 91' lang='lat'>31.</span> <span class='ocrx_word' id='word_1_171' title='bbox 1186 1931 1471 1996; x_wconf 87' lang='grc' dir='ltr'><em>Μένωνα</em></span> <span class='ocrx_word' id='word_1_172' title='bbox 1513 1969 1600 1978; x_wconf 89' lang='grc'><strong>-</strong></span> <span class='ocrx_word' id='word_1_173' title='bbox 1639 1933 1959 2003; x_wconf 85' lang='grc' dir='ltr'><em>πείσαντες</em></span> <span class='ocrx_word' id='word_1_174' title='bbox 2026 1933 2234 2015; x_wconf 86' lang='grc' dir='ltr'><em>ἱκέτην</em></span> <span class='ocrx_word' id='word_1_175' title='bbox 2297 1933 2364 1996; x_wconf 87' lang='grc' dir='ltr'><em>ἐν</em></span> <span class='ocrx_word' id='word_1_176' title='bbox 2428 1932 2635 2015; x_wconf 82' lang='grc' dir='ltr'><em>ἀγορᾷ</em></span> <span class='ocrx_word' id='word_1_177' title='bbox 2702 1932 3073 2007; x_wconf 88' lang='grc' dir='ltr'><em>καθίζουσιν</em></span> 
     </span>
     <span class='ocr_line' id='line_1_18' title="bbox 616 2017 3069 2106; baseline -0.001 -20"><span class='ocrx_word' id='word_1_178' title='bbox 616 2022 988 2105; x_wconf 77' lang='grc' dir='ltr'><em>αἰτούμενον</em></span> <span class='ocrx_word' id='word_1_179' title='bbox 1052 2022 1268 2085; x_wconf 80' lang='grc' dir='ltr'><em>ἄδειαν</em></span> <span class='ocrx_word' id='word_1_180' title='bbox 1313 2027 1429 2087; x_wconf 77' lang='lat' dir='ltr'>etc.</span> <span class='ocrx_word' id='word_1_181' title='bbox 1499 2022 1673 2105; x_wconf 83' lang='lat' dir='ltr'>Virg.</span> <span class='ocrx_word' id='word_1_182' title='bbox 1721 2026 1882 2086; x_wconf 87' lang='lat' dir='ltr'>Aen.</span> <span class='ocrx_word' id='word_1_183' title='bbox 1930 2021 2049 2086; x_wconf 89' lang='lat' dir='ltr'>XI.</span> <span class='ocrx_word' id='word_1_184' title='bbox 2099 2022 2245 2086; x_wconf 85' lang='lat'>349.</span> <span class='ocrx_word' id='word_1_185' title='bbox 2302 2021 2673 2103; x_wconf 80' lang='lat' dir='ltr'>‘Totamque</span> <span class='ocrx_word' id='word_1_186' title='bbox 2720 2021 3011 2085; x_wconf 84' lang='lat' dir='ltr'>videmus</span> <span class='ocrx_word' id='word_1_187' title='bbox 3061 2017 3069 2106; x_wconf 88' lang='grc' dir='ltr'>Ι</span> 
     </span>
     <span class='ocr_line' id='line_1_19' title="bbox 618 2110 3073 2176; baseline -0.001 0"><span class='ocrx_word' id='word_1_188' title='bbox 618 2111 992 2176; x_wconf 87' lang='lat' dir='ltr'>Consedisse</span> <span class='ocrx_word' id='word_1_189' title='bbox 1056 2111 1278 2176; x_wconf 87' lang='lat' dir='ltr'>urbem</span> <span class='ocrx_word' id='word_1_190' title='bbox 1343 2111 1560 2175; x_wconf 90' lang='lat' dir='ltr'>luctu.’</span> <span class='ocrx_word' id='word_1_191' title='bbox 1623 2111 1850 2175; x_wconf 86' lang='lat' dir='ltr'>Tibull.</span> <span class='ocrx_word' id='word_1_192' title='bbox 1907 2112 1988 2175; x_wconf 93' lang='lat' dir='ltr'><em>II.</em></span> <span class='ocrx_word' id='word_1_193' title='bbox 2047 2111 2101 2174; x_wconf 86' lang='lat'>6.</span> <span class='ocrx_word' id='word_1_194' title='bbox 2163 2112 2262 2174; x_wconf 90' lang='lat'>33.</span> <span class='ocrx_word' id='word_1_195' title='bbox 2337 2111 2544 2174; x_wconf 89' lang='lat' dir='ltr'>‘Illius</span> <span class='ocrx_word' id='word_1_196' title='bbox 2608 2111 2686 2174; x_wconf 85' lang='lat' dir='ltr'><em>ad</em></span> <span class='ocrx_word' id='word_1_197' title='bbox 2753 2110 3073 2174; x_wconf 87' lang='lat' dir='ltr'>tumulum</span> 
     </span>
     <span class='ocr_line' id='line_1_20' title="bbox 617 2199 3073 2286; baseline -0 -22"><span class='ocrx_word' id='word_1_198' title='bbox 617 2202 859 2285; x_wconf 83' lang='lat' dir='ltr'>fugiam</span> <span class='ocrx_word' id='word_1_199' title='bbox 904 2201 1302 2285; x_wconf 79' lang='lat' dir='ltr'>supplexque</span> <span class='ocrx_word' id='word_1_200' title='bbox 1350 2200 1621 2265; x_wconf 89' lang='lat' dir='ltr'>sedebo.’</span> <span class='ocrx_word' id='word_1_201' title='bbox 1757 2200 2054 2286; x_wconf 84' lang='grc' dir='ltr'><em>θοάζετε]</em></span> <span class='ocrx_word' id='word_1_202' title='bbox 2101 2200 2148 2264; x_wconf 94' lang='grc' dir='ltr'><strong>Ι.</strong></span> <span class='ocrx_word' id='word_1_203' title='bbox 2183 2220 2240 2283; x_wconf 93' lang='lat' dir='ltr'>q.</span> <span class='ocrx_word' id='word_1_204' title='bbox 2279 2201 2559 2264; x_wconf 85' lang='grc' dir='ltr'><em>θάσσετε.</em></span> <span class='ocrx_word' id='word_1_205' title='bbox 2625 2199 2817 2264; x_wconf 88' lang='lat' dir='ltr'>Unde</span> <span class='ocrx_word' id='word_1_206' title='bbox 2847 2200 3073 2270; x_wconf 84' lang='grc' dir='ltr'><em>θῶκος</em></span> 
     </span>
     <span class='ocr_line' id='line_1_21' title="bbox 617 2288 3072 2375; baseline -0.001 -21"><span class='ocrx_word' id='word_1_207' title='bbox 617 2297 690 2355; x_wconf 84' lang='lat' dir='ltr'>ut</span> <span class='ocrx_word' id='word_1_208' title='bbox 753 2311 791 2353; x_wconf 84' lang='lat' dir='ltr'><strong>a</strong></span> <span class='ocrx_word' id='word_1_209' title='bbox 853 2291 1113 2354; x_wconf 91' lang='grc' dir='ltr'><em>θάσσειν</em></span> <span class='ocrx_word' id='word_1_210' title='bbox 1176 2290 1401 2361; x_wconf 85' lang='grc' dir='ltr'><em>θᾶκος.</em></span> <span class='ocrx_word' id='word_1_211' title='bbox 1480 2290 1570 2354; x_wconf 85' lang='lat' dir='ltr'><em>Cf.</em></span> <span class='ocrx_word' id='word_1_212' title='bbox 1621 2291 1845 2355; x_wconf 84' lang='lat' dir='ltr'>Aesch.</span> <span class='ocrx_word' id='word_1_213' title='bbox 1895 2289 2111 2375; x_wconf 87' lang='lat' dir='ltr'>Suppl.</span> <span class='ocrx_word' id='word_1_214' title='bbox 2161 2291 2307 2353; x_wconf 86' lang='lat'>595.</span> <span class='ocrx_word' id='word_1_215' title='bbox 2363 2289 2473 2353; x_wconf 83' lang='grc' dir='ltr'><em>ὕπ’</em></span> <span class='ocrx_word' id='word_1_216' title='bbox 2538 2289 2742 2372; x_wconf 83' lang='grc' dir='ltr'><em>ἀρχᾶς</em></span> <span class='ocrx_word' id='word_1_217' title='bbox 2796 2288 3072 2372; x_wconf 75' lang='grc' dir='ltr'><em>(ἀρχᾷΡ)</em></span> 
     </span>
     <span class='ocr_line' id='line_1_22' title="bbox 620 2377 3074 2463; baseline -0.002 -19"><span class='ocrx_word' id='word_1_218' title='bbox 620 2380 678 2444; x_wconf 86' lang='grc' dir='ltr'><em>δ’</em></span> <span class='ocrx_word' id='word_1_219' title='bbox 735 2379 998 2450; x_wconf 83' lang='grc' dir='ltr'><em>οὐδενὸς</em></span> <span class='ocrx_word' id='word_1_220' title='bbox 1052 2380 1319 2454; x_wconf 88' lang='grc' dir='ltr'><em>θοάζων</em></span> <span class='ocrx_word' id='word_1_221' title='bbox 1374 2380 1599 2459; x_wconf 85' lang='lat' dir='ltr'>(schol.</span> <span class='ocrx_word' id='word_1_222' title='bbox 1646 2379 2038 2463; x_wconf 74' lang='grc' dir='ltr'><em>καθήμενος)</em></span> <span class='ocrx_word' id='word_1_223' title='bbox 2084 2379 2209 2443; x_wconf 86' lang='grc' dir='ltr'><em>κτλ.</em></span> <span class='ocrx_word' id='word_1_224' title='bbox 2274 2377 2638 2462; x_wconf 88' lang='lat' dir='ltr'>Empedocl.</span> <span class='ocrx_word' id='word_1_225' title='bbox 2689 2380 2790 2440; x_wconf 87' lang='lat'>52.</span> <span class='ocrx_word' id='word_1_226' title='bbox 2847 2378 3074 2459; x_wconf 87' lang='grc' dir='ltr'><em>θάρσει</em></span> 
     </span>
     <span class='ocr_line' id='line_1_23' title="bbox 617 2466 3075 2551; baseline -0.001 -18"><span class='ocrx_word' id='word_1_227' title='bbox 617 2469 724 2533; x_wconf 82' lang='grc' dir='ltr'><em>καὶ</em></span> <span class='ocrx_word' id='word_1_228' title='bbox 787 2469 921 2532; x_wconf 89' lang='grc' dir='ltr'><em>τότε</em></span> <span class='ocrx_word' id='word_1_229' title='bbox 987 2469 1066 2550; x_wconf 89' lang='grc' dir='ltr'><em>δὴ</em></span> <span class='ocrx_word' id='word_1_230' title='bbox 1133 2471 1363 2551; x_wconf 83' lang='grc' dir='ltr'><em>σοφίης</em></span> <span class='ocrx_word' id='word_1_231' title='bbox 1427 2469 1524 2532; x_wconf 81' lang='grc' dir='ltr'><em>ἐπ’</em></span> <span class='ocrx_word' id='word_1_232' title='bbox 1590 2469 1840 2551; x_wconf 82' lang='grc' dir='ltr'><em>ἄκροισι</em></span> <span class='ocrx_word' id='word_1_233' title='bbox 1906 2469 2124 2543; x_wconf 86' lang='grc' dir='ltr'><em>θόαζε.</em></span> <span class='ocrx_word' id='word_1_234' title='bbox 2190 2466 2340 2532; x_wconf 88' lang='lat' dir='ltr'>Eur.</span> <span class='ocrx_word' id='word_1_235' title='bbox 2399 2468 2627 2532; x_wconf 82' lang='lat' dir='ltr'>Bacch.</span> <span class='ocrx_word' id='word_1_236' title='bbox 2678 2468 2778 2531; x_wconf 87' lang='lat'>65.</span> <span class='ocrx_word' id='word_1_237' title='bbox 2844 2468 3075 2541; x_wconf 89' lang='grc' dir='ltr'><em>θοάζω</em></span> 
     </span>
     <span class='ocr_line' id='line_1_24' title="bbox 621 2556 3069 2642; baseline -0.001 -20"><span class='ocrx_word' id='word_1_238' title='bbox 621 2559 909 2642; x_wconf 84' lang='grc' dir='ltr'><em>Βρομίῳ.</em></span> <span class='ocrx_word' id='word_1_239' title='bbox 959 2558 1104 2620; x_wconf 89' lang='grc'><strong>219.</strong></span> <span class='ocrx_word' id='word_1_240' title='bbox 1153 2558 1221 2621; x_wconf 84' lang='grc' dir='ltr'><em>ἐν</em></span> <span class='ocrx_word' id='word_1_241' title='bbox 1267 2558 1338 2622; x_wconf 84' lang='grc' dir='ltr'><em>δὲ</em></span> <span class='ocrx_word' id='word_1_242' title='bbox 1387 2558 1667 2629; x_wconf 76' lang='grc' dir='ltr'><em>δασκίοις</em></span> <span class='ocrx_word' id='word_1_243' title='bbox 1706 2557 1715 2640; x_wconf 89' lang='grc' dir='ltr'>Ι</span> <span class='ocrx_word' id='word_1_244' title='bbox 1759 2559 1931 2639; x_wconf 86' lang='grc' dir='ltr'><em>ὄρεσι</em></span> <span class='ocrx_word' id='word_1_245' title='bbox 1977 2557 2251 2631; x_wconf 90' lang='grc' dir='ltr'><em>θόαζειν.</em></span> <span class='ocrx_word' id='word_1_246' title='bbox 2301 2556 2450 2621; x_wconf 88' lang='lat' dir='ltr'>Eur.</span> <span class='ocrx_word' id='word_1_247' title='bbox 2500 2556 2604 2620; x_wconf 91' lang='lat' dir='ltr'><em>Or.</em></span> <span class='ocrx_word' id='word_1_248' title='bbox 2658 2558 2845 2620; x_wconf 87' lang='lat'>1557.</span> <span class='ocrx_word' id='word_1_249' title='bbox 2910 2580 3069 2640; x_wconf 86' lang='grc' dir='ltr'><em>προ-</em></span> 
     </span>
     <span class='ocr_line' id='line_1_25' title="bbox 617 2647 3074 2733; baseline -0.001 -20"><span class='ocrx_word' id='word_1_250' title='bbox 617 2650 916 2733; x_wconf 86' lang='grc' dir='ltr'><em>κηρύσσει</em></span> <span class='ocrx_word' id='word_1_251' title='bbox 972 2648 1239 2723; x_wconf 86' lang='grc' dir='ltr'><em>θοάζων</em></span> <span class='ocrx_word' id='word_1_252' title='bbox 1295 2648 1394 2712; x_wconf 86' lang='grc' dir='ltr'><em>ὅδ’</em></span> <span class='ocrx_word' id='word_1_253' title='bbox 1441 2649 1702 2732; x_wconf 77' lang='grc' dir='ltr'><em>αἰθέρος</em></span> <span class='ocrx_word' id='word_1_254' title='bbox 1748 2648 1886 2712; x_wconf 81' lang='grc' dir='ltr'><em>ἄνω</em></span> <span class='ocrx_word' id='word_1_255' title='bbox 1931 2648 2192 2719; x_wconf 90' lang='grc' dir='ltr'><em>καπνός.</em></span> <span class='ocrx_word' id='word_1_256' title='bbox 2250 2648 2348 2712; x_wconf 82' lang='lat' dir='ltr'>Fr.</span> <span class='ocrx_word' id='word_1_257' title='bbox 2399 2649 2543 2711; x_wconf 86' lang='lat'>949.</span> <span class='ocrx_word' id='word_1_258' title='bbox 2590 2654 2784 2730; x_wconf 85' lang='grc' dir='ltr'><em>κῆτος</em></span> <span class='ocrx_word' id='word_1_259' title='bbox 2828 2647 3074 2722; x_wconf 89' lang='grc' dir='ltr'><em>θοάζον</em></span> 
     </span>
     <span class='ocr_line' id='line_1_26' title="bbox 618 2736 3070 2821; baseline -0.001 -18"><span class='ocrx_word' id='word_1_260' title='bbox 618 2740 687 2814; x_wconf 78' lang='grc' dir='ltr'><em>ἐξ</em></span> <span class='ocrx_word' id='word_1_261' title='bbox 723 2739 1117 2820; x_wconf 77' lang='grc' dir='ltr'><em>Ἀτλαντικῆς</em></span> <span class='ocrx_word' id='word_1_262' title='bbox 1162 2738 1329 2808; x_wconf 82' lang='grc' dir='ltr'><em>ἁλός.</em></span> <span class='ocrx_word' id='word_1_263' title='bbox 1377 2736 1698 2801; x_wconf 82' lang='lat' dir='ltr'>Plutarch.</span> <span class='ocrx_word' id='word_1_264' title='bbox 1740 2737 1895 2801; x_wconf 85' lang='lat' dir='ltr'>Mor.</span> <span class='ocrx_word' id='word_1_265' title='bbox 1930 2758 1986 2821; x_wconf 91' lang='lat' dir='ltr'>p.</span> <span class='ocrx_word' id='word_1_266' title='bbox 2021 2740 2103 2800; x_wconf 87' lang='grc'><em>22</em></span> <span class='ocrx_word' id='word_1_267' title='bbox 2138 2736 2208 2799; x_wconf 88' lang='grc' dir='ltr'><strong>Ε.</strong></span> <span class='ocrx_word' id='word_1_268' title='bbox 2255 2746 2348 2820; x_wconf 89' lang='grc' dir='ltr'><em>τῷ</em></span> <span class='ocrx_word' id='word_1_269' title='bbox 2392 2737 2654 2811; x_wconf 89' lang='grc' dir='ltr'><em>θοάζειν</em></span> <span class='ocrx_word' id='word_1_270' title='bbox 2699 2739 2738 2820; x_wconf 86' lang='grc' dir='ltr'><em>ἢ</em></span> <span class='ocrx_word' id='word_1_271' title='bbox 2785 2736 2855 2800; x_wconf 89' lang='grc' dir='ltr'><em>τὸ</em></span> <span class='ocrx_word' id='word_1_272' title='bbox 2886 2742 3070 2800; x_wconf 87' lang='grc' dir='ltr'><em>κινεῖ-</em></span> 
     </span>
     <span class='ocr_line' id='line_1_27' title="bbox 619 2825 3071 2911; baseline -0.001 -19"><span class='ocrx_word' id='word_1_273' title='bbox 619 2830 769 2892; x_wconf 88' lang='grc' dir='ltr'><em>σθαι</em></span> <span class='ocrx_word' id='word_1_274' title='bbox 816 2829 1245 2911; x_wconf 80' lang='grc' dir='ltr'><em>σημαίνουσιν,</em></span> <span class='ocrx_word' id='word_1_275' title='bbox 1293 2827 1386 2898; x_wconf 84' lang='grc' dir='ltr'><em>ὡς</em></span> <span class='ocrx_word' id='word_1_276' title='bbox 1430 2825 1812 2910; x_wconf 81' lang='grc' dir='ltr'><em>Εὐριπίδης,</em></span> <span class='ocrx_word' id='word_1_277' title='bbox 1877 2829 1916 2910; x_wconf 86' lang='grc' dir='ltr'><em>ἢ</em></span> <span class='ocrx_word' id='word_1_278' title='bbox 1963 2827 2034 2891; x_wconf 86' lang='grc' dir='ltr'><em>τὸ</em></span> <span class='ocrx_word' id='word_1_279' title='bbox 2084 2827 2475 2900; x_wconf 87' lang='grc' dir='ltr'><em>καθέζεσθαι</em></span> <span class='ocrx_word' id='word_1_280' title='bbox 2522 2864 2634 2900; x_wconf 83' lang='grc'><em>-,</em></span> <span class='ocrx_word' id='word_1_281' title='bbox 2700 2826 2793 2897; x_wconf 84' lang='grc' dir='ltr'><em>ὡς</em></span> <span class='ocrx_word' id='word_1_282' title='bbox 2847 2825 3071 2908; x_wconf 78' lang='grc' dir='ltr'><em>Σοφο·</em></span> 
     </span>
     <span class='ocr_line' id='line_1_28' title="bbox 616 2914 3073 3000; baseline -0.001 -19"><span class='ocrx_word' id='word_1_283' title='bbox 616 2918 772 3000; x_wconf 84' lang='grc' dir='ltr'><em>κλῆς</em></span> <span class='ocrx_word' id='word_1_284' title='bbox 835 2918 925 2997; x_wconf 91' lang='lat' dir='ltr'><em>(h.</em></span> <span class='ocrx_word' id='word_1_285' title='bbox 975 2917 1012 2979; x_wconf 92' lang='lat' dir='ltr'><em>l.</em></span> <span class='ocrx_word' id='word_1_286' title='bbox 1060 2917 1210 2997; x_wconf 65' lang='lat' dir='ltr'>cit).</span> <span class='ocrx_word' id='word_1_287' title='bbox 1277 2915 1555 2999; x_wconf 86' lang='lat' dir='ltr'>Hesych.</span> <span class='ocrx_word' id='word_1_288' title='bbox 1612 2916 1907 2990; x_wconf 76' lang='grc' dir='ltr'><em>ἐθόαζενε</em></span> <span class='ocrx_word' id='word_1_289' title='bbox 1975 2917 2329 2990; x_wconf 81' lang='grc' dir='ltr'><em>ἐκαθέζετο.</em></span> <span class='ocrx_word' id='word_1_290' title='bbox 2397 2914 2737 2980; x_wconf 82' lang='lat' dir='ltr'>Grammat.</span> <span class='ocrx_word' id='word_1_291' title='bbox 2803 2916 2874 2979; x_wconf 89' lang='lat' dir='ltr'>in</span> <span class='ocrx_word' id='word_1_292' title='bbox 2938 2914 3073 2980; x_wconf 91' lang='lat' dir='ltr'>cod.</span> 
     </span>
     <span class='ocr_line' id='line_1_29' title="bbox 619 3004 3073 3090; baseline -0.001 -20"><span class='ocrx_word' id='word_1_293' title='bbox 619 3007 872 3070; x_wconf 82' lang='lat' dir='ltr'>Taurin.</span> <span class='ocrx_word' id='word_1_294' title='bbox 931 3026 1025 3090; x_wconf 86' lang='lat' dir='ltr'><em>ap.</em></span> <span class='ocrx_word' id='word_1_295' title='bbox 1073 3005 1286 3070; x_wconf 87' lang='lat' dir='ltr'>Pasin.</span> <span class='ocrx_word' id='word_1_296' title='bbox 1333 3006 1381 3069; x_wconf 95' lang='lat' dir='ltr'><em>I.</em></span> <span class='ocrx_word' id='word_1_297' title='bbox 1432 3007 1576 3068; x_wconf 84' lang='lat'>262.</span> <span class='ocrx_word' id='word_1_298' title='bbox 1642 3006 2122 3087; x_wconf 76' lang='grc' dir='ltr'><em>προθοάζονταε</em></span> <span class='ocrx_word' id='word_1_299' title='bbox 2188 3006 2709 3089; x_wconf 87' lang='grc' dir='ltr'><em>προκαθήμενον.</em></span> <span class='ocrx_word' id='word_1_300' title='bbox 2790 3004 3073 3069; x_wconf 87' lang='lat' dir='ltr'>Verbum</span> 
     </span>
     <span class='ocr_line' id='line_1_30' title="bbox 623 3095 3075 3179; baseline -0.002 -19"><span class='ocrx_word' id='word_1_301' title='bbox 623 3097 883 3170; x_wconf 87' lang='grc' dir='ltr'><em>θοάζειν</em></span> <span class='ocrx_word' id='word_1_302' title='bbox 949 3095 1157 3159; x_wconf 89' lang='lat' dir='ltr'>decies</span> <span class='ocrx_word' id='word_1_303' title='bbox 1230 3095 1397 3179; x_wconf 80' lang='lat' dir='ltr'>apud</span> <span class='ocrx_word' id='word_1_304' title='bbox 1474 3095 1847 3179; x_wconf 83' lang='lat' dir='ltr'>Euripidem</span> <span class='ocrx_word' id='word_1_305' title='bbox 1911 3096 2212 3176; x_wconf 87' lang='lat' dir='ltr'>occurrit,</span> <span class='ocrx_word' id='word_1_306' title='bbox 2289 3101 2512 3178; x_wconf 84' lang='lat' dir='ltr'>quater</span> <span class='ocrx_word' id='word_1_307' title='bbox 2584 3114 2777 3159; x_wconf 88' lang='lat' dir='ltr'>sensu</span> <span class='ocrx_word' id='word_1_308' title='bbox 2845 3095 3075 3157; x_wconf 83' lang='lat' dir='ltr'>transi-</span> 
     </span>
     <span class='ocr_line' id='line_1_31' title="bbox 618 3183 3076 3267; baseline -0.001 -17"><span class='ocrx_word' id='word_1_309' title='bbox 618 3188 746 3250; x_wconf 90' lang='lat' dir='ltr'>tivo</span> <span class='ocrx_word' id='word_1_310' title='bbox 803 3184 1288 3267; x_wconf 85' lang='lat' dir='ltr'>(impellere),</span> <span class='ocrx_word' id='word_1_311' title='bbox 1353 3185 1567 3248; x_wconf 81' lang='lat' dir='ltr'>sexies</span> <span class='ocrx_word' id='word_1_312' title='bbox 1638 3185 2044 3248; x_wconf 80' lang='lat' dir='ltr'>intransitive</span> <span class='ocrx_word' id='word_1_313' title='bbox 2125 3185 2446 3266; x_wconf 83' lang='lat' dir='ltr'>(moveri</span> <span class='ocrx_word' id='word_1_314' title='bbox 2520 3183 2941 3266; x_wconf 87' lang='lat' dir='ltr'>celeriter),</span> <span class='ocrx_word' id='word_1_315' title='bbox 3009 3189 3076 3247; x_wconf 88' lang='lat' dir='ltr'>ut</span> 
     </span>
     <span class='ocr_line' id='line_1_32' title="bbox 625 3272 1098 3340; baseline -0.004 -2"><span class='ocrx_word' id='word_1_316' title='bbox 625 3276 872 3340; x_wconf 87' lang='lat' dir='ltr'>monuit</span> <span class='ocrx_word' id='word_1_317' title='bbox 914 3272 1098 3338; x_wconf 84' lang='lat' dir='ltr'>Jebb.</span> 
     </span>
    </p>

    <p class='ocr_par' dir='ltr' id='par_1_3' title="bbox 617 3360 3080 4518">
     <span class='ocr_line' id='line_1_33' title="bbox 800 3360 3073 3447; baseline -0.001 -21"><span class='ocrx_word' id='word_1_318' title='bbox 800 3366 856 3426; x_wconf 89' lang='lat'>3.</span> <span class='ocrx_word' id='word_1_319' title='bbox 904 3364 1202 3446; x_wconf 87' lang='grc' dir='ltr'><em>ἱκτηρίοις</em></span> <span class='ocrx_word' id='word_1_320' title='bbox 1245 3363 1568 3427; x_wconf 84' lang='grc' dir='ltr'><em>κλάδοισιν</em></span> <span class='ocrx_word' id='word_1_321' title='bbox 1617 3362 1736 3447; x_wconf 86' lang='grc'><em>-]</em></span> <span class='ocrx_word' id='word_1_322' title='bbox 1792 3361 1841 3425; x_wconf 93' lang='grc' dir='ltr'><strong>Ι.</strong></span> <span class='ocrx_word' id='word_1_323' title='bbox 1890 3382 1942 3428; x_wconf 90' lang='lat' dir='ltr'><em>e.</em></span> <span class='ocrx_word' id='word_1_324' title='bbox 1989 3363 2251 3432; x_wconf 86' lang='grc' dir='ltr'><em>θαλλοῖς</em></span> <span class='ocrx_word' id='word_1_325' title='bbox 2298 3362 2578 3442; x_wconf 79' lang='lat' dir='ltr'>(olivae</span> <span class='ocrx_word' id='word_1_326' title='bbox 2627 3362 2906 3441; x_wconf 81' lang='lat' dir='ltr'>ramis).</span> <span class='ocrx_word' id='word_1_327' title='bbox 2986 3360 3073 3425; x_wconf 86' lang='lat' dir='ltr'><em>Cf.</em></span> 
     </span>
     <span class='ocr_line' id='line_1_34' title="bbox 627 3451 3072 3536; baseline -0.002 -20"><span class='ocrx_word' id='word_1_328' title='bbox 627 3455 768 3517; x_wconf 87' lang='lat'>143.</span> <span class='ocrx_word' id='word_1_329' title='bbox 820 3454 1081 3535; x_wconf 79' lang='grc' dir='ltr'><em>ἄραντες</em></span> <span class='ocrx_word' id='word_1_330' title='bbox 1125 3454 1385 3536; x_wconf 88' lang='grc' dir='ltr'><em>κὶτῆρας</em></span> <span class='ocrx_word' id='word_1_331' title='bbox 1430 3452 1724 3523; x_wconf 85' lang='grc' dir='ltr'><em>κλάδους.</em></span> <span class='ocrx_word' id='word_1_332' title='bbox 1782 3454 1881 3534; x_wconf 84' lang='lat' dir='ltr'><em>Aj.</em></span> <span class='ocrx_word' id='word_1_333' title='bbox 1934 3453 2122 3515; x_wconf 86' lang='lat'>1175.</span> <span class='ocrx_word' id='word_1_334' title='bbox 2179 3453 2456 3535; x_wconf 90' lang='grc' dir='ltr'><em>ἱκτήριον</em></span> <span class='ocrx_word' id='word_1_335' title='bbox 2503 3451 2836 3534; x_wconf 87' lang='grc' dir='ltr'><em>θησαυρόν</em></span> <span class='ocrx_word' id='word_1_336' title='bbox 2887 3452 3072 3513; x_wconf 89' lang='grc'><strong>1172.</strong></span> 
     </span>
     <span class='ocr_line' id='line_1_35' title="bbox 619 3539 3071 3624; baseline -0.001 -17"><span class='ocrx_word' id='word_1_337' title='bbox 619 3543 844 3607; x_wconf 85' lang='lat' dir='ltr'>Aesch.</span> <span class='ocrx_word' id='word_1_338' title='bbox 879 3541 1029 3605; x_wconf 83' lang='lat' dir='ltr'>Cho.</span> <span class='ocrx_word' id='word_1_339' title='bbox 1069 3543 1254 3605; x_wconf 89' lang='lat'>1035.</span> <span class='ocrx_word' id='word_1_340' title='bbox 1317 3542 1429 3615; x_wconf 85' lang='grc' dir='ltr'><em>ξὺν</em></span> <span class='ocrx_word' id='word_1_341' title='bbox 1475 3543 1641 3624; x_wconf 90' lang='grc' dir='ltr'><em>τῷδε</em></span> <span class='ocrx_word' id='word_1_342' title='bbox 1686 3542 1913 3623; x_wconf 92' lang='grc' dir='ltr'><em>θαλλῷ</em></span> <span class='ocrx_word' id='word_1_343' title='bbox 1956 3541 2063 3604; x_wconf 78' lang='grc' dir='ltr'><em>καὶ</em></span> <span class='ocrx_word' id='word_1_344' title='bbox 2109 3542 2315 3623; x_wconf 83' lang='grc' dir='ltr'><em>στέφει</em></span> <span class='ocrx_word' id='word_1_345' title='bbox 2360 3541 2741 3623; x_wconf 79' lang='grc' dir='ltr'><em>προσίξομαι</em></span> <span class='ocrx_word' id='word_1_346' title='bbox 2782 3540 2791 3621; x_wconf 87' lang='grc' dir='ltr'>Ι</span> <span class='ocrx_word' id='word_1_347' title='bbox 2831 3539 3071 3623; x_wconf 85' lang='grc' dir='ltr'><em>μεσόμ-</em></span> 
     </span>
     <span class='ocr_line' id='line_1_36' title="bbox 619 3630 3077 3716; baseline -0 -21"><span class='ocrx_word' id='word_1_348' title='bbox 619 3632 824 3716; x_wconf 91' lang='grc' dir='ltr'><em>φαλόν</em></span> <span class='ocrx_word' id='word_1_349' title='bbox 888 3631 957 3694; x_wconf 93' lang='grc' dir='ltr'><em>θ’</em></span> <span class='ocrx_word' id='word_1_350' title='bbox 1022 3631 1259 3714; x_wconf 78' lang='grc' dir='ltr'><em>ἵδρυμα</em></span> <span class='ocrx_word' id='word_1_351' title='bbox 1316 3631 1441 3695; x_wconf 90' lang='grc' dir='ltr'><em>κτλ.</em></span> <span class='ocrx_word' id='word_1_352' title='bbox 1517 3631 1730 3716; x_wconf 84' lang='lat' dir='ltr'>Suppl.</span> <span class='ocrx_word' id='word_1_353' title='bbox 1792 3633 1893 3694; x_wconf 90' lang='grc'><em>22.</em></span> <span class='ocrx_word' id='word_1_354' title='bbox 1960 3630 2074 3694; x_wconf 88' lang='grc' dir='ltr'><em>σὺν</em></span> <span class='ocrx_word' id='word_1_355' title='bbox 2136 3630 2329 3693; x_wconf 88' lang='grc' dir='ltr'><em>τοῖσδ’</em></span> <span class='ocrx_word' id='word_1_356' title='bbox 2394 3631 2617 3693; x_wconf 87' lang='grc' dir='ltr'><em>ἱκετῶν</em></span> <span class='ocrx_word' id='word_1_357' title='bbox 2692 3630 3077 3712; x_wconf 78' lang='grc' dir='ltr'><em>ἐγχειριδίοις</em></span> 
     </span>
     <span class='ocr_line' id='line_1_37' title="bbox 619 3718 3077 3803; baseline -0.002 -18"><span class='ocrx_word' id='word_1_358' title='bbox 619 3722 1060 3803; x_wconf 75' lang='grc' dir='ltr'><em>ἐριοστέπτοισι</em></span> <span class='ocrx_word' id='word_1_359' title='bbox 1104 3721 1410 3785; x_wconf 90' lang='grc' dir='ltr'><em>κλάδοισι.</em></span> <span class='ocrx_word' id='word_1_360' title='bbox 1464 3722 1606 3783; x_wconf 87' lang='grc'><strong>189.</strong></span> <span class='ocrx_word' id='word_1_361' title='bbox 1654 3721 2087 3802; x_wconf 84' lang='grc' dir='ltr'><em>λευκοστεφεῖς</em></span> <span class='ocrx_word' id='word_1_362' title='bbox 2128 3720 2453 3802; x_wconf 84' lang='grc' dir='ltr'><em>ἱκετηρίας.</em></span> <span class='ocrx_word' id='word_1_363' title='bbox 2504 3719 2685 3783; x_wconf 87' lang='lat' dir='ltr'>Eum.</span> <span class='ocrx_word' id='word_1_364' title='bbox 2719 3722 2821 3782; x_wconf 80' lang='lat'><em>44.</em></span> <span class='ocrx_word' id='word_1_365' title='bbox 2869 3718 3077 3790; x_wconf 88' lang='grc' dir='ltr'><em>ἐλαίας</em></span> 
     </span>
     <span class='ocr_line' id='line_1_38' title="bbox 619 3808 3074 3893; baseline -0.002 -18"><span class='ocrx_word' id='word_1_366' title='bbox 619 3811 687 3875; x_wconf 87' lang='grc' dir='ltr'><em>θ’</em></span> <span class='ocrx_word' id='word_1_367' title='bbox 735 3810 1151 3893; x_wconf 75' lang='grc' dir='ltr'><em>ὑψιγέννητον</em></span> <span class='ocrx_word' id='word_1_368' title='bbox 1180 3810 1421 3873; x_wconf 89' lang='grc' dir='ltr'><em>κλάδον</em></span> <span class='ocrx_word' id='word_1_369' title='bbox 1463 3812 1471 3888; x_wconf 88' lang='grc' dir='ltr'>Ι</span> <span class='ocrx_word' id='word_1_370' title='bbox 1511 3810 1678 3893; x_wconf 87' lang='grc' dir='ltr'><em>λήνει</em></span> <span class='ocrx_word' id='word_1_371' title='bbox 1717 3811 1993 3893; x_wconf 86' lang='grc' dir='ltr'><em>μεγίστῳ</em></span> <span class='ocrx_word' id='word_1_372' title='bbox 2026 3810 2409 3892; x_wconf 73' lang='grc' dir='ltr'><em>(’καχίστῳΡ)</em></span> <span class='ocrx_word' id='word_1_373' title='bbox 2459 3808 2822 3891; x_wconf 89' lang='grc' dir='ltr'><em>σωφρόνως</em></span> <span class='ocrx_word' id='word_1_374' title='bbox 2861 3808 3074 3890; x_wconf 82' lang='grc' dir='ltr'><em>ἐστεμ-</em></span> 
     </span>
     <span class='ocr_line' id='line_1_39' title="bbox 617 3897 3077 3983; baseline -0.001 -20"><span class='ocrx_word' id='word_1_375' title='bbox 617 3902 830 3983; x_wconf 86' lang='grc' dir='ltr'><em>μένον,</em></span> <span class='ocrx_word' id='word_1_376' title='bbox 874 3901 883 3981; x_wconf 87' lang='grc' dir='ltr'>Ι</span> <span class='ocrx_word' id='word_1_377' title='bbox 926 3899 1145 3983; x_wconf 83' lang='grc' dir='ltr'><em>ἀργῆτι</em></span> <span class='ocrx_word' id='word_1_378' title='bbox 1175 3899 1418 3982; x_wconf 81' lang='grc' dir='ltr'><em>μαλλῷ.</em></span> <span class='ocrx_word' id='word_1_379' title='bbox 1468 3898 1617 3962; x_wconf 89' lang='lat' dir='ltr'>Eur.</span> <span class='ocrx_word' id='word_1_380' title='bbox 1666 3897 1879 3983; x_wconf 86' lang='lat' dir='ltr'>Suppl.</span> <span class='ocrx_word' id='word_1_381' title='bbox 1933 3900 2031 3962; x_wconf 92' lang='grc'><em>10.</em></span> <span class='ocrx_word' id='word_1_382' title='bbox 2097 3900 2298 3982; x_wconf 90' lang='grc' dir='ltr'><em>ἱκτῆρι</em></span> <span class='ocrx_word' id='word_1_383' title='bbox 2353 3898 2579 3980; x_wconf 80' lang='grc' dir='ltr'><em>θαλλῷ</em></span> <span class='ocrx_word' id='word_1_384' title='bbox 2632 3897 3077 3979; x_wconf 88' lang='grc' dir='ltr'><em>προσπίτνουσ’</em></span> 
     </span>
     <span class='ocr_line' id='line_1_40' title="bbox 620 3987 3069 4072; baseline -0.001 -19"><span class='ocrx_word' id='word_1_385' title='bbox 620 3989 778 4072; x_wconf 88' lang='grc' dir='ltr'><em>ἐμὸν</em></span> <span class='ocrx_word' id='word_1_386' title='bbox 843 3989 1014 4071; x_wconf 87' lang='grc' dir='ltr'><em>γόνυ.</em></span> <span class='ocrx_word' id='word_1_387' title='bbox 1077 3989 1219 4052; x_wconf 88' lang='grc'><strong>113.</strong></span> <span class='ocrx_word' id='word_1_388' title='bbox 1277 3989 1529 4058; x_wconf 90' lang='grc' dir='ltr'><em>ἱκεσίοις</em></span> <span class='ocrx_word' id='word_1_389' title='bbox 1562 4026 1643 4034; x_wconf 91' lang='grc'>-</span> <span class='ocrx_word' id='word_1_390' title='bbox 1678 3989 1953 4059; x_wconf 85' lang='grc' dir='ltr'><em>κλάδοις.</em></span> <span class='ocrx_word' id='word_1_391' title='bbox 1998 3988 2178 4070; x_wconf 80' lang='lat' dir='ltr'>Trag.</span> <span class='ocrx_word' id='word_1_392' title='bbox 2218 3987 2425 4071; x_wconf 82' lang='lat' dir='ltr'>adesp.</span> <span class='ocrx_word' id='word_1_393' title='bbox 2466 3988 2605 4050; x_wconf 91' lang='grc'><strong>185.</strong></span> <span class='ocrx_word' id='word_1_394' title='bbox 2654 3988 2870 4070; x_wconf 87' lang='grc' dir='ltr'><em>λιτῆρα</em></span> <span class='ocrx_word' id='word_1_395' title='bbox 2918 3987 3069 4050; x_wconf 89' lang='grc' dir='ltr'><em>θαλ-</em></span> 
     </span>
     <span class='ocr_line' id='line_1_41' title="bbox 619 4076 3080 4161; baseline -0.001 -19"><span class='ocrx_word' id='word_1_396' title='bbox 619 4079 732 4142; x_wconf 88' lang='grc' dir='ltr'><em>λόν</em></span> <span class='ocrx_word' id='word_1_397' title='bbox 779 4079 837 4158; x_wconf 93' lang='grc'><em>(1.</em></span> <span class='ocrx_word' id='word_1_398' title='bbox 885 4080 1108 4160; x_wconf 86' lang='grc' dir='ltr'><em>ἱκτῆρα</em></span> <span class='ocrx_word' id='word_1_399' title='bbox 1158 4115 1269 4152; x_wconf 89' lang='lat'><em>—‚</em></span> <span class='ocrx_word' id='word_1_400' title='bbox 1329 4079 1365 4141; x_wconf 94' lang='lat' dir='ltr'><em>i.</em></span> <span class='ocrx_word' id='word_1_401' title='bbox 1414 4096 1464 4141; x_wconf 89' lang='lat' dir='ltr'><em>e.</em></span> <span class='ocrx_word' id='word_1_402' title='bbox 1511 4077 1621 4140; x_wconf 89' lang='grc' dir='ltr'><em>τὸν</em></span> <span class='ocrx_word' id='word_1_403' title='bbox 1666 4077 1941 4161; x_wconf 89' lang='grc' dir='ltr'><em>ἱκέσιον).</em></span> <span class='ocrx_word' id='word_1_404' title='bbox 1992 4077 2338 4140; x_wconf 88' lang='lat' dir='ltr'>Moschion.</span> <span class='ocrx_word' id='word_1_405' title='bbox 2386 4077 2483 4140; x_wconf 82' lang='lat' dir='ltr'>Fr.</span> <span class='ocrx_word' id='word_1_406' title='bbox 2531 4078 2586 4159; x_wconf 87' lang='lat'><em>9,</em></span> <span class='ocrx_word' id='word_1_407' title='bbox 2632 4078 2686 4139; x_wconf 88' lang='lat'><em>3.</em></span> <span class='ocrx_word' id='word_1_408' title='bbox 2734 4076 3080 4159; x_wconf 86' lang='grc' dir='ltr'><em>προσίκτην</em></span> 
     </span>
     <span class='ocr_line' id='line_1_42' title="bbox 620 4166 3075 4251; baseline -0.002 -19"><span class='ocrx_word' id='word_1_409' title='bbox 620 4168 862 4232; x_wconf 86' lang='grc' dir='ltr'><em>θαλλὸν</em></span> <span class='ocrx_word' id='word_1_410' title='bbox 929 4167 1387 4251; x_wconf 88' lang='grc' dir='ltr'><em>ἠγκαλισμένος</em></span> <span class='ocrx_word' id='word_1_411' title='bbox 1428 4167 1437 4250; x_wconf 88' lang='grc' dir='ltr'>Ι</span> <span class='ocrx_word' id='word_1_412' title='bbox 1479 4168 1758 4249; x_wconf 83' lang='grc' dir='ltr'><em>ἔστειχεν.</em></span> <span class='ocrx_word' id='word_1_413' title='bbox 1827 4167 2041 4250; x_wconf 83' lang='lat' dir='ltr'>Suppl.</span> <span class='ocrx_word' id='word_1_414' title='bbox 2098 4168 2238 4230; x_wconf 87' lang='lat'>101.</span> <span class='ocrx_word' id='word_1_415' title='bbox 2304 4167 2555 4237; x_wconf 90' lang='grc' dir='ltr'><em>ἱκεσίοις</em></span> <span class='ocrx_word' id='word_1_416' title='bbox 2620 4166 2690 4230; x_wconf 85' lang='grc' dir='ltr'><em>δὲ</em></span> <span class='ocrx_word' id='word_1_417' title='bbox 2757 4166 2871 4229; x_wconf 84' lang='grc' dir='ltr'><em>σὺν</em></span> <span class='ocrx_word' id='word_1_418' title='bbox 2925 4166 3075 4230; x_wconf 87' lang='grc' dir='ltr'><em>κλά-</em></span> 
     </span>
     <span class='ocr_line' id='line_1_43' title="bbox 622 4255 3077 4339; baseline -0.001 -19"><span class='ocrx_word' id='word_1_419' title='bbox 622 4258 756 4328; x_wconf 87' lang='grc' dir='ltr'><em>δοις</em></span> <span class='ocrx_word' id='word_1_420' title='bbox 805 4294 914 4319; x_wconf 92' lang='grc'><em>-.</em></span> <span class='ocrx_word' id='word_1_421' title='bbox 964 4256 1132 4320; x_wconf 81' lang='lat' dir='ltr'>infra</span> <span class='ocrx_word' id='word_1_422' title='bbox 1185 4259 1324 4320; x_wconf 87' lang='lat'>143.</span> <span class='ocrx_word' id='word_1_423' title='bbox 1372 4258 1631 4339; x_wconf 91' lang='grc' dir='ltr'><em>ἱκτῆρας</em></span> <span class='ocrx_word' id='word_1_424' title='bbox 1676 4256 1971 4327; x_wconf 88' lang='grc' dir='ltr'><em>κλάδους.</em></span> <span class='ocrx_word' id='word_1_425' title='bbox 2018 4256 2168 4321; x_wconf 87' lang='lat' dir='ltr'>Her.</span> <span class='ocrx_word' id='word_1_426' title='bbox 2213 4257 2311 4319; x_wconf 88' lang='lat'><em>71.</em></span> <span class='ocrx_word' id='word_1_427' title='bbox 2360 4257 2553 4320; x_wconf 88' lang='grc' dir='ltr'><em>ἱκέται</em></span> <span class='ocrx_word' id='word_1_428' title='bbox 2601 4255 2658 4319; x_wconf 90' lang='grc' dir='ltr'><em>δ’</em></span> <span class='ocrx_word' id='word_1_429' title='bbox 2707 4257 2880 4325; x_wconf 85' lang='grc' dir='ltr'><em>ὄντες</em></span> <span class='ocrx_word' id='word_1_430' title='bbox 2926 4256 3077 4337; x_wconf 76' lang='grc' dir='ltr'><em>ἀγο·</em></span> 
     </span>
     <span class='ocr_line' id='line_1_44' title="bbox 622 4344 3078 4429; baseline -0.001 -19"><span class='ocrx_word' id='word_1_431' title='bbox 622 4349 806 4429; x_wconf 89' lang='grc' dir='ltr'><em>ραίου</em></span> <span class='ocrx_word' id='word_1_432' title='bbox 842 4345 989 4417; x_wconf 87' lang='grc' dir='ltr'><em>Διὸς</em></span> <span class='ocrx_word' id='word_1_433' title='bbox 1029 4345 1039 4428; x_wconf 88' lang='grc' dir='ltr'>Ι</span> <span class='ocrx_word' id='word_1_434' title='bbox 1077 4346 1503 4429; x_wconf 84' lang='grc' dir='ltr'><em>βιαζόμεσθα,</em></span> <span class='ocrx_word' id='word_1_435' title='bbox 1552 4345 1659 4409; x_wconf 82' lang='grc' dir='ltr'><em>καὶ</em></span> <span class='ocrx_word' id='word_1_436' title='bbox 1690 4347 1884 4428; x_wconf 90' lang='grc' dir='ltr'><em>στέφη</em></span> <span class='ocrx_word' id='word_1_437' title='bbox 1927 4347 2244 4427; x_wconf 90' lang='grc' dir='ltr'><em>μιαίνεται.</em></span> <span class='ocrx_word' id='word_1_438' title='bbox 2295 4347 2439 4409; x_wconf 87' lang='grc'><strong>518.</strong></span> <span class='ocrx_word' id='word_1_439' title='bbox 2486 4345 2545 4408; x_wconf 88' lang='grc' dir='ltr'><em>τί</em></span> <span class='ocrx_word' id='word_1_440' title='bbox 2572 4344 2745 4427; x_wconf 86' lang='grc' dir='ltr'><em>δεῦρ’</em></span> <span class='ocrx_word' id='word_1_441' title='bbox 2779 4344 3078 4427; x_wconf 83' lang='grc' dir='ltr'><em>ἀφίκεσθ’</em></span> 
     </span>
     <span class='ocr_line' id='line_1_45' title="bbox 621 4432 3077 4518; baseline -0.001 -19"><span class='ocrx_word' id='word_1_442' title='bbox 621 4438 896 4500; x_wconf 90' lang='grc' dir='ltr'><em>ἱκεσίοισι</em></span> <span class='ocrx_word' id='word_1_443' title='bbox 954 4435 1069 4498; x_wconf 86' lang='grc' dir='ltr'><em>σὺν</em></span> <span class='ocrx_word' id='word_1_444' title='bbox 1114 4435 1406 4510; x_wconf 83' lang='grc' dir='ltr'><em>κλάδοις;</em></span> <span class='ocrx_word' id='word_1_445' title='bbox 1472 4435 1573 4497; x_wconf 88' lang='grc'><strong>36.</strong></span> <span class='ocrx_word' id='word_1_446' title='bbox 1623 4436 1958 4517; x_wconf 89' lang='grc' dir='ltr'><em>στέμματα.</em></span> <span class='ocrx_word' id='word_1_447' title='bbox 2028 4436 2173 4497; x_wconf 84' lang='grc'><strong>357.</strong></span> <span class='ocrx_word' id='word_1_448' title='bbox 2222 4435 2435 4518; x_wconf 87' lang='grc' dir='ltr'><em>στέφη.</em></span> <span class='ocrx_word' id='word_1_449' title='bbox 2618 4432 3077 4518; x_wconf 78' lang='grc' dir='ltr'><em>ἐξεστεμμένοι]</em></span> 
     </span>
    </p>
   </div>
   <div class='ocr_carea' id='block_1_3' title="bbox 624 4524 3077 4616">
    <p class='ocr_par' dir='ltr' id='par_1_4' title="bbox 624 4524 3077 4616">
     <span class='ocr_line' id='line_1_46' title="bbox 624 4524 3077 4616; baseline -0.002 -27"><span class='ocrx_word' id='word_1_450' title='bbox 624 4524 740 4601; x_wconf 82' lang='lat' dir='ltr'><em>Qu.</em></span> <span class='ocrx_word' id='word_1_451' title='bbox 789 4526 1204 4608; x_wconf 82' lang='grc' dir='ltr'><em>ἐξησκημένοι</em></span> <span class='ocrx_word' id='word_1_452' title='bbox 1271 4533 1380 4600; x_wconf 79' lang='lat' dir='ltr'>aut</span> <span class='ocrx_word' id='word_1_453' title='bbox 1443 4524 1929 4613; x_wconf 76' lang='grc' dir='ltr'><em>ὲξωπλισμένοιε</em></span> <span class='ocrx_word' id='word_1_454' title='bbox 1998 4526 2120 4616; x_wconf 86' lang='lat' dir='ltr'>ipsi</span> <span class='ocrx_word' id='word_1_455' title='bbox 2188 4526 2359 4593; x_wconf 84' lang='lat' dir='ltr'>enim</span> <span class='ocrx_word' id='word_1_456' title='bbox 2422 4525 2585 4592; x_wconf 83' lang='lat' dir='ltr'>rami</span> <span class='ocrx_word' id='word_1_457' title='bbox 2642 4524 3077 4610; x_wconf 75' lang='grc' dir='ltr'><em>ἐξεστεμμένοι</em></span> 
     </span>
    </p>
   </div>
  </div>
 </body>
</html>
