3463 5287
1455 485 1748 530 Ammonm
2743 468 2827 530 53

374 644 769 727 δημοκρατίᾳ
833 650 980 727 νικᾷ
1042 645 1171 727 ζῆν.
1240 643 1471 709 Herod.
1522 644 1597 705 V.
1651 646 1793 708 118.
1850 646 2005 727 αὕτη
2063 646 2182 727 μέν
2237 669 2350 709 νυν
2398 646 2518 709 οὐκ
2565 646 2825 729 ἐνίκαὴ

374 735 616 816 γνώμη.
668 732 773 796 VI.
828 734 968 796 101.
1035 735 1206 796 ἐνίκα
1261 733 1353 816 μὴ
1411 734 1680 797 ἐκλιπεῖν
1723 734 1836 817 τὴν
1880 735 2078 798 πόλιν.
2129 735 2267 798 VII.
2307 736 2448 798 175.
2496 736 2535 817 ἦ
2585 740 2827 799 νικῶσα

373 823 441 885 δὲ
487 824 713 905 γνώμη
762 823 1002 905 ἐγένετο
1049 830 1164 887 etc.
1214 822 1380 887 Xen.
1431 826 1552 887 An.
1585 823 1695 888 VI.
1757 825 1806 886 l.
1861 825 1957 886 18.
2005 825 2077 886 ἐκ
2122 830 2232 906 τῆς
2278 826 2553 907 νικώσης
2598 826 2825 906 ἔπρατ-

372 936 477 975 τον
540 913 761 974 πάντα.
827 910 992 976 Plut.
1042 911 1258 997 Pomp.
1311 913 1410 973 77.
1476 913 1649 976 ἐνίκα
1706 914 1961 995 φεύγειν
2015 914 2102 983 εἰς
2146 913 2264 996 τὴν
2306 914 2643 995 Αἴγυπτον.
2691 914 2826 978 Liv.

374 1003 474 1084 37,
526 1003 625 1065 19.
675 1001 879 1065 ‘Haec
923 1003 1234 1067 sententia
1278 1002 1475 1067 vicit.’

549 1093 696 1154 234.
748 1090 836 1154 Cf.
886 1090 979 1154 El.
1028 1092 1175 1155 617.
1240 1089 1310 1155 εὗ
1373 1115 1487 1155 νυν
1551 1092 1781 1155 ἐπίστω
1845 1092 2048 1155 τῶνδέ
2109 1094 2178 1174 μ’
2234 1093 2537 1175 αἰσχύνην
2583 1094 2763 1176 ἔχειν,
2816 1090 2824 1178 Ι

370 1182 470 1243 κεί
508 1180 600 1262 μὴ
652 1180 834 1244 δοκῶ
880 1204 996 1244 σοι.
1132 1182 1234 1243 κεί
1277 1218 1386 1251 -,
1434 1181 1668 1263 φράσω
1719 1180 1777 1244 δ’
1825 1181 2040 1265 ὅμως]
2090 1180 2178 1246 Cf.
2228 1180 2299 1245 Ο.
2331 1180 2402 1243 R.
2453 1182 2599 1246 302.
2645 1182 2828 1245 πόλιν

369 1270 506 1351 μὲν,
557 1271 614 1333 εἰ
653 1271 760 1333 καὶ
803 1269 894 1353 μὴ
942 1269 1216 1352 βλέπεις,
1264 1276 1521 1352 φρονεῖς
1554 1270 1609 1333 δ’
1643 1270 1827 1352 ὅμως
1868 1272 1875 1347 Ι
1918 1271 2021 1353 οἵᾳ
2067 1271 2241 1352 νόσῳ
2273 1270 2566 1335 σύνεστιν.
2599 1273 2700 1353 Aj.
2727 1273 2825 1333 15.

551 1360 697 1422 235.
745 1366 854 1442 τῆς
918 1360 1170 1430 ἐλπίδος
1235 1359 1694 1443 δεδραγμένος]
1763 1358 1851 1422 Of.
1913 1361 2134 1423 Aesoh.
2186 1362 2300 1443 Ag.
2352 1362 2495 1423 505.
2569 1360 2827 1425 πολλῶν

372 1450 686 1531 ῥαγεισῶν
750 1449 1023 1512 ἐλπίδων
1086 1454 1239 1531 μιᾶς
1301 1450 1527 1532 τυχών.
1603 1447 1751 1511 ΕΗΓ.
1807 1448 1943 1512 Tro.
2005 1451 2149 1512 745.
2214 1450 2273 1511 τί
2328 1473 2459 1531 μου
2525 1449 2828 1531 δέδραξαι

370 1538 578 1620 χερσί;
626 1538 811 1602 Hom.
860 1537 931 1601 Il.
987 1540 1085 1621 13,
1134 1540 1278 1601 393.
1326 1539 1541 1609 κόνιος
1588 1538 2017 1621 δεδραγμένος
2062 1540 2494 1622 αἱματοέσσης.
2547 1540 2647 1621 16,
2678 1540 2825 1603 486.

374 1627 557 1690 Hom.
599 1628 774 1691 -Batn
830 1628 970 1690 156.
1030 1629 1415 1710 δραξάμενοι
1446 1628 1771 1710 κορύθων.
1832 1627 1984 1691 Plat.
2016 1626 2159 1709 Lys.
2183 1629 2311 1691 209
2333 1627 2402 1690 Ε.
2444 1628 2827 1711 δραξάμενοι

369 1722 495 1780 τῶν
544 1717 734 1780 ἁλῶν.
787 1715 1028 1780 Gallim.
1062 1716 1273 1801 Epigr.
1307 1718 1354 1782 I.
1394 1718 1493 1781 13.
1538 1718 1834 1799 μείζονος
1871 1719 2050 1780 οἴκου
2093 1719 2101 1797 Ι
2147 1717 2520 1800 δράξασθαι.
2568 1716 2825 1780 Lucian.

374 1807 617 1890 Philop.
667 1808 768 1868 22.
817 1806 1215 1889 δραξάμενός
1259 1831 1390 1888 μου
1436 1812 1547 1870 τοῦ
1594 1806 1870 1877 λώπους.
1918 1808 2081 1871 Plut.
2126 1808 2340 1871 Artax.
2377 1808 2479 1870 29.
2525 1812 2601 1890 τῇ
2647 1807 2826 1889 ἑτέρᾳ

368 1896 525 1979 χειρὶ
576 1895 974 1978 δραξάμενος
1019 1902 1130 1979 τῆς
1175 1897 1384 1979 κόμης
1429 1897 1642 1960 αὐτοῦ.

550 1985 697 2047 236.
742 1985 815 2049 τὸ
845 1985 1187 2069 μόρσιμον]
1212 1984 1299 2049 Cf.
1320 1986 1418 2050 Fr.
1442 1988 1588 2067 867,
1610 1987 1667 2048 2.
1715 1987 1884 2068 ἥξεις
1905 2023 1986 2030 -
2009 1987 2096 2057 εἰς
2124 1985 2196 2049 τὸ
2226 1986 2561 2068 μόρσιμον.
2595 1986 2824 2050 Aesoh.

374 2075 580 2138 Prom.
633 2075 778 2137 933.
844 2077 902 2138 τί
944 2075 1002 2138 δ’
1049 2077 1129 2137 ἂν
1192 2077 1518 2158 φοβοίμην
1581 2073 1640 2158 ᾧ
1703 2075 1923 2138 θανεῖν
1979 2076 2056 2138 οὐ
2101 2075 2454 2157 μόρσιμον,·
2520 2074 2672 2138 Cho.
2724 2076 2823 2138 97.

369 2164 438 2228 τὸ
484 2164 805 2246 μόρσιμον
862 2164 983 2246 γὰρ
1039 2164 1148 2228 τόν
1192 2164 1243 2226 τ’
1291 2166 1629 2246 ἐλεύθερον
1682 2166 1856 2247 μένει
1907 2201 2015 2226 -.
2074 2166 2220 2227 457.
2282 2164 2447 2248 Sept.
2498 2166 2644 2243 263.
2691 2166 2824 2228 πεί-

369 2277 560 2335 σομαι
607 2253 680 2317 τὸ
724 2254 1060 2335 μόρσιμον.
1110 2253 1258 2316 ΕΗΓ.
1309 2253 1542 2318 Phoen.
1592 2255 1738 2317 895.
1795 2253 1866 2317 τὸ
1911 2254 2158 2336 μέλλον,
2208 2256 2265 2317 εἷ
2303 2253 2457 2338 χρὴ,
2502 2255 2824 2336 πείσομαι·

371 2344 426 2405 τί
467 2342 591 2425 γὰρ
637 2344 873 2419 πάθω,·
938 2343 1094 2407 Plat.
1144 2343 1332 2427 Gorg.
1379 2364 1434 2427 p.
1486 2344 1613 2406 512
1648 2342 1717 2405 E.
1785 2343 1877 2406 ὅτι
1939 2343 2052 2426 τὴν
2114 2345 2501 2426 εἱμαρμένην
2558 2343 2699 2407 οὐδ’
2746 2345 2825 2406 ἂν

370 2433 455 2504 εἷς
501 2433 787 2515 ἐκφύγοι.

549 2522 696 2585 237.
746 2520 947 2586 Sohol.
1011 2521 1082 2585 τὸ
1145 2529 1254 2606 τῆς
1309 2522 1662 2604 Ἀντιγόνης
1725 2522 2081 2604 πρόσωπον
2144 2521 2251 2584 καὶ
2312 2528 2424 2586 τοῦ
2488 2529 2690 2604 χοροῦ
2754 2522 2825 2585 τὸ

368 2613 761 2694 τετράστιχον
807 2612 1176 2689 ἀθετοῦνῑαι
1226 2651 1307 2660 ·-
1355 2617 1632 2694 κρεῖττον
1680 2611 1829 2694 γὰρ,
1886 2610 2096 2695 φασὶν,
2153 2612 2400 2683 εὐθέως
2445 2620 2538 2694 τῷ
2585 2612 2823 2676 δικαιο-

368 2703 611 2784 λογικῷ
656 2702 1016 2785 χρήσασθαι
1070 2702 1178 2765 τὸν
1233 2701 1539 2767 Οἰδίπουν
1593 2702 1756 2782 πρὸς
1802 2702 2048 2773 αὐτούς.
2185 2702 2331 2764 ἀνθ’
2379 2699 2490 2785 οὗ]
2553 2699 2825 2776 Quam-

369 2792 644 2856 obrem.
724 2791 812 2855 Cf.
862 2789 1012 2854 ΕΗΓ.
1062 2790 1214 2856 Ηεο.
1272 2792 1455 2855 1136.
1504 2789 1652 2854 ἀνθ’
1700 2791 1851 2854 ὅτου
1901 2791 1958 2854 δ’
2007 2792 2246 2854 ἔκτεινά
2292 2815 2401 2854 νιν.

549 2882 698 2943 238.
747 2880 833 2943 Cf.
875 2880 944 2944 O.
976 2878 1049 2943 R.
1085 2882 1229 2944 958.
1278 2883 1336 2944 εἰ
1374 2886 1558 2945 τοῦτο
1605 2885 1864 2961 πρῶτον
1913 2882 2012 2944 δεῖ
2048 2880 2119 2963 μ’
2167 2881 2532 2962 ἀπαγγεῖλαι
2581 2885 2823 2962 σαφῶς.

370 2974 463 3054 Aj.
518 2971 665 3032 719.
732 2969 803 3032 τὸ
867 2974 1125 3050 πρῶτον
1171 2975 1458 3052 (πρῶτον
1501 2970 1707 3050 τόδῬ)
1757 2970 2030 3051 ἀγγεῖλαι
2078 2971 2269 3033 θέλω.
2340 2970 2484 3032 ΕΗΓ.
2533 2970 2627 3033 ΕΙ.
2677 2969 2823 3034 230.

368 3063 471 3143 ζῇ·
519 3065 744 3140 πρῶτα
796 3060 916 3141 γάρ
964 3082 1062 3122 σοι
1106 3059 1334 3142 τάγάθ’
1383 3059 1698 3141 ἀγγέλλειν
1745 3060 1936 3123 θέλω.

548 3149 695 3211 246.
747 3148 962 3229 διψίαν
1008 3149 1206 3233 κόνιν]
1256 3150 1347 3213 Cf.
1381 3150 1526 3212 429.
1567 3149 1798 3212 Aesoh.
1838 3149 1951 3232 Ag.
1985 3149 2131 3211 495.
2182 3148 2359 3229 διψία
2406 3147 2598 3218 κόνις.
2649 3148 2822 3230 Virg.

370 3243 527 3303 Aen.
582 3237 691 3301 VI.
741 3239 887 3300 227.
935 3238 1113 3301 ‘vino
1161 3238 1445 3302 bibulam
1495 3238 1706 3302 lavere
1753 3237 2069 3300 favillam!

547 3330 696 3390 247.
743 3328 1278 3413 κάφαγιστεύσας]
1325 3328 1374 3391 Ι.
1422 3346 1472 3391 e.
1520 3328 1627 3391 καὶ
1673 3327 2133 3409 ἀφαγιστεύσας
2177 3328 2336 3408 (non
2384 3326 2530 3408 ἐφ.).
2610 3324 2696 3389 Cf.
2745 3325 2826 3388 ad

374 3419 516 3480 196.
564 3419 754 3499 τάφῳ
798 3441 861 3480 τε
906 3416 1152 3498 κρύψαι
1198 3417 1305 3481 καὶ
1348 3417 1421 3479 τὰ
1470 3417 1650 3479 πάντ’
1699 3417 2034 3498 ἀφαγνίσαι
2084 3417 2204 3496 (ἐφ.
2255 3415 2371 3492 aL).

551 3508 701 3570 249.
750 3508 897 3572 οὔτε,
937 3530 1051 3569 του
1098 3506 1394 3590 γενῇδος]
1463 3506 1568 3571 Sic
1615 3507 1762 3568 257.
1830 3507 1973 3568 οὔτε
2027 3529 2138 3568 του
2194 3509 2426 3568 κυνῶν.
2487 3505 2632 3567 917.
2682 3505 2824 3567 οὔτε

365 3622 477 3661 του
528 3598 758 3679 γάμου.
838 3594 932 3660 De
990 3597 1132 3659 οὔτε
1180 3634 1261 3642 -
1310 3597 1387 3660 οὗ
1435 3597 1509 3660 cf.
1560 3595 1630 3658 Ο.
1664 3595 1729 3659 C.
1768 3596 1912 3658 972.
1961 3595 2109 3658 ΕΗΓ.
2159 3593 2261 3657 Or.
2297 3596 2376 3656 41
2415 3614 2506 3675 sq.
2644 3600 2823 3675 γενῇ-

367 3687 513 3771 δος]
564 3684 673 3750 Sic
720 3685 910 3768 γῄτης
956 3687 1228 3768 (γηίτης)
1274 3686 1369 3749 ΤΓ.
1420 3686 1520 3748 32.
1579 3685 1883 3768 ἐχενῇδας
1936 3685 2163 3750 Aeseh.
2218 3685 2330 3766 Ag.
2386 3684 2526 3745 145.
2584 3682 2823 3765 παρῇδ’

364 3776 531 3858 ἐμὰν
582 3774 729 3838 ΕΗΓ.
776 3774 909 3859 Iph.
956 3777 1033 3838 A.
1087 3775 1229 3838 187.

549 3866 698 3928 250.
747 3864 1011 3948 γενῇδος
1045 3902 1126 3911 -
1159 3863 1428 3948 πλῆγμ’]
1477 3862 1566 3926 Cf.
1622 3866 1808 3927 1283.
1855 3863 1950 3926 Tr.
1988 3865 2132 3925 522.
2179 3862 2329 3925 ΕΗΓ.
2366 3861 2503 3944 Iph.
2535 3861 2596 3922 T.
2636 3860 2823 3923 1366.

365 3955 526 4018 ὅθεν
570 3953 646 4016 τὰ
696 3953 866 4018 δεινὰ
912 3954 1222 4037 πλήγματ’
1270 3953 1349 4036 ἦν
1396 3953 1751 4035 γενειάδων.
1936 3953 2220 4034 δικέλλης
2276 3949 2541 4033 ἐκβολὴ]
2601 3949 2824 4014 Paullo

366 4046 552 4108 aliter
586 4044 812 4107 Aesch.
844 4042 1025 4107 Eum.
1051 4045 1194 4107 748.
1234 4043 1577 4125 πεμπάζετ’
1612 4043 1834 4124 ὀρθῶς
1865 4041 2135 4124 ἐκβολὰς
2165 4041 2427 4122 ψήφων.
2564 4039 2823 4123 ἐκβολή]

366 4134 698 4216 Egestas
744 4131 955 4212 (Stat).
1093 4133 1366 4214 στύφλος
1401 4170 1479 4177 -
1516 4132 1628 4216 γῆ]
1678 4131 1767 4194 Cf.
1819 4132 2043 4194 Aesch.
2097 4131 2300 4193 Prom.
2353 4130 2496 4191 749.
2545 4129 2824 4210 στύφλου

363 4226 617 4306 πέτρας.
668 4222 815 4286 ΕΗΓ.
862 4222 996 4306 [ph.
1042 4222 1104 4284 Τ.
1159 4222 1345 4285 1395.
1396 4221 1621 4284 Bacch.
1678 4221 1862 4283 1137.
1911 4220 2207 4302 στύφλοις
2251 4219 2520 4300 πέτραις.

549 4314 698 4375 251.
743 4311 1001 4395 χέρσος]
1051 4309 1137 4373 Cf.
1166 4310 1328 4374 O.R.
1361 4312 1540 4374 1502.
1590 4310 1823 4374 Herod.
1850 4310 1959 4373 IV.
1987 4311 2128 4372 123.
2176 4315 2285 4390 τῆς
2331 4308 2551 4390 χώρης
2598 4306 2826 4388 ἐούσης

364 4405 622 4484 χέρσου.
673 4400 821 4464 ΕΗΓ.
872 4401 965 4463 ΕΙ.
1014 4402 1159 4463 325.
1342 4399 1596 4483 ἀρρὼξ]
1656 4399 1744 4462 Cf.
1795 4399 1890 4463 Fr.
1947 4399 2085 4461 168.
2136 4397 2355 4467 ὅπλοις
2401 4397 2641 4476 ἀρῶξιν
2687 4396 2821 4475 (άρ-

366 4494 657 4573 ρῶξινῖ).
717 4498 781 4554 et
835 4489 912 4552 ad
968 4488 1066 4553 Fr.
1115 4491 1328 4567 475)?
1407 4489 1637 4553 Confer
1698 4489 2041 4570 καταρρώξ
2105 4486 2265 4550 Phil.
2328 4487 2471 4548 937.
2540 4485 2825 4566 διαρρώξ

364 4581 515 4645 ΕΗΓ.
564 4580 700 4665 Iph.
747 4579 812 4643 T.
862 4579 1006 4641 262.
1187 4580 1675 4662 ἐπημαξευμένη
1733 4578 1845 4661 -]
1905 4578 1993 4642 Cf.
2052 4576 2200 4640 Eur.
2260 4573 2361 4639 Or.
2415 4575 2602 4636 1251.
2660 4574 2823 4655 ἆμα-
