3463 5287
722 418 852 484 294
1746 438 1998 484 onmpus
2042 439 2164 484 mex

719 599 1224 681 κωμῳδούντων
1255 598 1603 681 φιλοτίμως
1632 603 1763 662 τῶν
1791 597 1940 670 τοὺς
1970 598 2292 669 τοιούτους
2321 598 2878 682 βλασφημούντων
2901 598 3176 662 ἀκούων.

722 689 912 752 Arist.
960 689 1148 771 Vesp.
1185 689 1330 752 387.
1378 687 1568 752 οὐδὲν
1612 689 1833 751 πείσει·
1883 688 2089 772 μηδὲν
2135 688 2358 771 δείσῃς.

901 777 1048 840 228.
1097 776 1189 842 Cf.
1246 777 1477 842 Aesch.
1525 775 1690 860 Sept.
1740 776 1888 841 402.
1952 778 2143 848 αὐτὸς
2205 778 2359 841 καθ’
2423 777 2618 841 αὑτοῦ
2667 814 2777 839 -.
2913 777 3180 842 πείσεται

720 865 841 949 γὰρ
890 866 1011 951 —-]
1060 865 1149 930 Cf.
1197 865 1434 930 Herod.
1479 865 1563 929 II.
1616 867 1760 929 141.
1817 868 1929 930 καί
1970 868 2032 931 οἱ
2078 867 2258 941 δόξαι
2305 867 2373 930 έν
2416 872 2491 950 τῇ
2538 867 2654 948 ὄψι
2699 867 3026 931 ἐπιστάντα
3073 866 3181 931 τὸν

718 956 877 1021 θεὸν
939 955 1285 1039 θαρσύνειν
1352 955 1445 1026 ὡς
1521 955 1711 1019 οὐδὲν
1782 957 2051 1020 πείσεται
2119 956 2324 1039 ἄχαρι.
2399 954 2509 1019 VI.
2557 956 2660 1019 69.
2726 956 3181 1037 ἐπαγγείλασθε

717 1046 894 1120 τάδε,
946 1045 1036 1117 ὡς
1080 1045 1399 1109 πείσονταί
1436 1067 1502 1108 τε
1546 1045 1736 1127 ἄχαρι
1783 1045 1973 1110 οὐδὲν
2020 1044 2122 1109 διὰ
2167 1045 2281 1128 τὴν
2318 1045 2680 1118 ἀπόστασιν,
2711 1045 2837 1109 κτλ.
2885 1045 2995 1109 VI.
3030 1047 3089 1108 9.
3122 1048 3178 1109 4.

717 1135 1029 1199 πείσονται
1076 1135 1266 1218 ἄχαρι
1313 1134 1518 1198 οὐδέν.
1567 1133 1709 1198 VII.
1761 1136 1861 1198 38.
1917 1133 2088 1217 εἶχον
2141 1134 2389 1215 θάρσος
2434 1135 2527 1205 ὡς
2582 1134 2772 1198 οὐδὲν
2816 1134 3179 1217 πεισόμενοι

719 1226 908 1308 ἄχαρι
953 1224 1118 1306 πρὸς
1160 1230 1274 1288 τοῦ
1320 1223 1678 1306 βαρβάρου.
1723 1221 1870 1287 VII.
1921 1226 2022 1287 52.
2071 1222 2247 1287 VIII.
2302 1224 2443 1287 143.
2491 1223 2539 1288 I.
2590 1225 2690 1288 38.
2737 1223 2786 1288 I.
2840 1224 2985 1287 108.

905 1315 1053 1377 229.
1099 1313 1392 1395 ἀστεργὲς
1437 1312 1650 1397 οὐδὲν]
1708 1313 1757 1376 Ι.
1808 1332 1864 1395 q.
1914 1313 2104 1377 οὐδὲν
2149 1313 2355 1395 ἄχαρι.
2492 1312 2816 1398 ἀσφαλής]
2867 1312 2958 1377 Cf.
3006 1312 3077 1377 Ο.
3112 1311 3178 1376 O.

724 1402 913 1465 1165.
962 1403 1262 1467 ἀπελθεῖν
1308 1402 1616 1484 ἀσφαλῶς
1659 1408 1772 1485 τῆς
1818 1401 1990 1485 δεῦρ’
2037 1402 2214 1466 ὁδοῦ.
2267 1403 2453 1466 1288.

899 1494 1047 1556 232.
1092 1491 1164 1556 τὸ
1230 1515 1352 1573 γαρ
1417 1491 1649 1573 κέρδος
1711 1492 1871 1555 τελῶ
1930 1490 2077 1576 ’γὼ]
2145 1490 2234 1555 Cf.
2279 1492 2375 1555 Tr.
2428 1491 2572 1555 191.
2646 1472 2828 1563 ὅπως
2876 1528 2958 1538 -
3015 1491 3182 1574 πρὸς

720 1587 838 1645 σοῦ
895 1605 948 1644 τι
1004 1580 1380 1664 κερδάναιμι
1435 1580 1543 1644 καὶ
1587 1581 1855 1663 κτώμην
1898 1582 2098 1664 χάριν.
2165 1580 2316 1644 Eur.
2363 1581 2549 1646 Rhes.
2602 1582 2745 1643 112.
2810 1580 2993 1645 παντὶ
3058 1579 3179 1663 γὰρ

717 1671 1139 1754 προκείμενον
1189 1669 1197 1753 Ι
1247 1670 1479 1751 κέρδος
1539 1669 1703 1751 πρὸς
1770 1672 1943 1753 ἔργῳ
2010 1670 2123 1753 τὴν
2184 1670 2368 1753 χάριν
2431 1671 2613 1734 τίκτει
2677 1669 2920 1754 διπλῆν.
2986 1671 3180 1735 Arist.

720 1758 909 1843 Vesp.
962 1760 1150 1823 1420.
1216 1758 1344 1840 ἐγὼ
1410 1759 1532 1841 γὰρ
1595 1759 1758 1840 ὑπὲρ
1823 1760 2018 1823 αὐτοῦ
2086 1759 2266 1843 δίκην
2322 1758 2561 1841 δίδωμί
2621 1782 2721 1823 σοι
2771 1764 2780 1842 Ι
2831 1762 2910 1843 ἣν
2955 1761 3037 1823 ἂν
3103 1757 3180 1823 σὺ

717 1849 934 1932 τάξῃς,
991 1848 1098 1912 καὶ
1144 1850 1329 1932 χάριν
1372 1849 1808 1931 προσείσομαι.
1857 1848 2013 1913 Plat.
2062 1848 2245 1932 Apol.
2295 1849 2380 1912 20
2414 1850 2489 1912 A.
2541 1847 2648 1912 καὶ
2692 1849 2878 1931 χάριν
2920 1872 3179 1931 προσει-

721 1937 910 2002 δέναι.
1058 1939 1139 2021 χή
1198 1939 1380 2021 χάρις
1427 1936 1545 2021 -]
1618 1935 1706 2000 Cf.
1756 1936 1912 2002 Plat.
1961 1935 2122 2001 Orat.
2173 1938 2301 2001 393
2335 1936 2409 1999 D.
2488 1935 2604 2013 Qu.
2669 1938 2777 2001 καὶ
2840 1939 3021 2021 χάρις
3071 1976 3180 1998 -—.

808 2026 1277 2111 προσκείσεται]
1327 2025 1416 2091 Cf.
1463 2029 1615 2091 Ant.
1656 2028 1758 2091 94.
1806 2025 2009 2110 ἐχθρὰ
2060 2026 2129 2091 δε
2171 2034 2265 2109 τῷ
2309 2027 2567 2091 θανόντι
2612 2028 2968 2110 προσκείσει
3016 2027 3181 2110 δίκῃ.

900 2118 1045 2182 233.
1094 2117 1282 2199 φίλου
1332 2115 1573 2200 δείσας]
1623 2115 1747 2180 Pro
1779 2116 2137 2198 προδείσας.
2215 2116 2319 2180 Sic
2349 2117 2730 2199 προταρβεῖν
2759 2140 2925 2188 τινος
2961 2116 3181 2181 Traoh.

722 2206 823 2271 90.
902 2207 990 2271 Of.
1037 2206 1132 2269 Tr.
1187 2206 1330 2270 108.
1387 2204 1622 2287 ἀνδρὸς
1678 2204 1863 2287 δεῖμα
1907 2206 2269 2288 τρέφουσαν
2316 2243 2427 2268 —.
2485 2206 2719 2270 Herod.
2767 2206 2815 2270 I.
2868 2207 3011 2269 111.
3068 2211 3182 2270 τοῦ

719 2295 918 2360 τόκου
981 2301 1091 2379 τῆς
1165 2293 1463 2377 γυναικὸς
1535 2294 1905 2377 ἀρρωδέων.
2003 2293 2127 2360 Sed
2192 2295 2380 2378 φίλου
2449 2295 2659 2379 potius
2723 2315 2869 2360 oum
2936 2295 3181 2360 ἀπώσει

719 2383 1234 2449 connectendum
1285 2384 1550 2448 videtur.

901 2475 1051 2536 234.
1099 2473 1343 2536 ἀπώσει
1406 2474 1642 2544 τοῦπος
1688 2471 1807 2557 -]
1874 2471 1968 2537 Of.
2016 2473 2163 2536 641.
2230 2480 2345 2556 γῆς
2406 2475 2475 2555 μ’
2541 2473 2798 2537 ἀπῶσαι
2860 2474 3179 2556 πατρίδος.

722 2562 866 2625 670.
909 2561 1012 2627 Fr.
1060 2563 1208 2625 438.
1266 2560 1448 2646 λιμὸν
1506 2558 1692 2632 οὗτος
1754 2562 1945 2626 τῶνδ’
2010 2562 2233 2627 ἀπῶσε
2287 2564 2546 2646 (ἔπαυσε
2592 2563 2776 2643 mSS.).
2865 2564 3179 2648 Alioquin

720 2653 1039 2717 ἀπώσεται
1087 2651 1426 2716 dicendum
1474 2652 1724 2734 fuisset,
1772 2657 1845 2715 ut
1890 2653 1962 2715 in
2003 2652 2101 2716 Tr.
2153 2653 2339 2717 1249.
2389 2654 2535 2717 216.
2584 2652 2677 2716 ΕΙ.
2731 2655 2875 2716 944.
2928 2654 3118 2717 1325.

900 2743 1049 2805 235.
1097 2742 1168 2805 ἐκ
1214 2740 1448 2825 τῶνδε]
1498 2739 1586 2805 Cf.
1635 2743 1782 2805 282.
1837 2742 2024 2804 1251.

899 2832 1027 2894 236
1061 2850 1151 2912 sq.
1201 2828 1289 2893 Cf.
1335 2830 1566 2895 Aesoh.
1614 2830 1764 2896 Cho.
1805 2832 1951 2894 285.
1998 2830 2107 2895 καὶ
2151 2837 2279 2902 τοῖς
2322 2831 2629 2903 τοιούτοις
2673 2833 2817 2895 οὔτε
2861 2838 3181 2915 κρατῆρος

721 2920 920 3003 μέρος
960 2920 971 3002 Ι
1011 2918 1165 2984 εἶναι
1207 2925 1553 3002 μετασχεῖν,
1620 2921 1697 2984 οὐ
1764 2920 2199 3002 φιλοσπόνδου
2264 2920 2465 3004 λιβὸς,
2507 2923 2517 3003 Ι
2554 2923 2808 3005 βωμῶν
2861 2921 2912 2983 τ’
2960 2921 3177 3004 ἀπείρ-

725 3033 854 3091 γειν
917 3010 1038 3092 οὐχ
1112 3010 1452 3092 ὁρωμένην
1522 3008 1762 3091 πατρὸς
1811 3007 1820 3093 Ι
1868 3016 2081 3093 μῆνιν·
2133 3009 2142 3094 Ι
2193 3009 2488 3092 δέχεσθαι
2558 3009 2616 3074 δ’
2682 3011 2827 3074 οὖλε
2897 3010 3183 3075 συλλύειν

719 3099 1144 3251 ἓσυνναίεινῖ)
1215 3098 1374 3162 τινά·
1425 3099 1433 3183 Ι
1483 3099 1742 3163 πάντων
1818 3098 1877 3163 δ’
1942 3100 2165 3181 ἄτιμον
2235 3099 2506 3181 κᾶφιλον
2576 3100 2879 3182 θνήσκειν
2941 3100 3179 3184 χρόνῳ.

781 3208 903 3251 um.
955 3190 1082 3251 653
1117 3208 1148 3252 s
1194 3237 1206 3249 .

899 3278 1045 3341 236.
1095 3208 1210 3359 yv‘jqc
1264 3276 1475 3362 τῆσδ’]
1554 3274 2066 3342 Construendum
2130 3297 2277 3342 oum
2353 3278 2760 3361 εἰσδέχεσθαι.
2850 3276 2936 3343 Cf.
2990 3280 3177 3342 1223.

720 3367 823 3449 Aj.
878 3368 1066 3431 1274.
1132 3366 1281 3430 Eur.
1330 3365 1566 3431 Phoen.
1615 3368 1764 3429 451.
1827 3366 1998 3430 τόνδ’
2063 3367 2356 3441 εἰσεδέξω
2420 3368 2675 3450 τειχέων
2745 3368 3011 3431 πείσασά
3079 3393 3178 3451 με.

809 3462 1032 3520 τοῦτον
1077 3456 1185 3521 τὸν
1231 3455 1468 3540 ἄνδρα]
1515 3456 1562 3520 I.
1612 3474 1662 3519 e.
1710 3455 2197 3521 interfectorem.

902 3546 1048 3608 237.
1095 3545 1295 3629 κράτη
1361 3569 1424 3608 τε
1487 3543 1594 3608 καὶ
1657 3544 1974 3629 θρόνους]
2051 3544 2139 3610 Cf.
2198 3547 2346 3609 Ant.
2408 3546 2550 3608 173.
2626 3545 2755 3628 ἐγὼ
2828 3547 3028 3631 κράτη
3097 3546 3175 3630 δὴ

718 3635 922 3698 πάντα
988 3635 1096 3698 καὶ
1159 3634 1457 3716 θρόνους.
1535 3633 1632 3717 Α]’.
1686 3636 1873 3698 1015.
1949 3635 2042 3706 ὥς
2102 3633 2177 3697 τὰ
2242 3633 2322 3698 σὰ
2373 3634 2383 3715 Ι
2431 3636 2632 3719 κράτη
2698 3635 3009 3707 θανόντος
3072 3636 3179 3699 καὶ

721 3723 966 3805 δόμους
1010 3723 1390 3806 (θρόνουςΡ)
1437 3724 1688 3806 νέμοιμι
1735 3724 1904 3793 σούς.
2040 3724 2240 3807 κράτη
2289 3723 2500 3808 νέμω]
2551 3724 2596 3787 Ι.
2632 3744 2688 3807 (1.
2720 3725 2919 3807 κράτη
2953 3730 3176 3807 νωμῶ.

720 3813 993 3897 Anglice
1024 3811 1057 3875 I
1091 3812 1332 3876 wield.
1398 3811 1487 3876 of.
1522 3813 1666 3875 201.
1702 3814 1801 3896 Aj.
1842 3813 2028 3877 1016.
2107 3812 2212 3877 Sic
2243 3814 2442 3897 κράτη
2477 3815 2638 3896 ἔχειν
2670 3813 2740 3878 Ο.
2762 3813 2834 3876 R.
2861 3815 3007 3877 586.
3032 3816 3176 3879 758.

898 3902 1042 3964 238.
1093 3900 1187 3965 Cf.
1235 3900 1383 3964 Eur.
1433 3899 1535 3963 Or.
1584 3901 1687 3963 46.
1753 3901 1908 3985 μήδ’
1963 3904 2133 3985 ἡμᾶς
2179 3903 2445 4012 arey-acc,
2487 3904 2627 3987 Ιμὴ
2676 3904 2827 3986 (m)
2872 3905 3027 3986 πυρὶ
3074 3904 3175 3968 δέ-

717 3991 974 4078 χεσθαι,
1020 3991 1178 4073 μήτε
1223 3996 1630 4073 προσφωνεῖν
1675 4015 1807 4054 τινα
1851 3992 1859 4073 Ι
1897 3998 2499 4074 μητροκτονοῦντας.
2549 3994 2780 4057 Aesoh.
2829 3990 2978 4056 Cho.
3027 3994 3174 4057 296.

721 4235 732 4242 ,
749 4078 1965 4252 μή2ἒᾷτρὲἵῖθΐῶῗνεύὲἀῗδιξὲἰΕὲΙΓ.
1991 4079 2203 4233 131996ἶῖ
2214 4083 2304 4253 5τρἷ
2320 4083 2571 4253 ὅὲιῗνῗδὲ·
2605 4171 2902 4255 εὐσεβείᾳ.
2953 4172 3175 4236 Aesch.

719 4258 837 4341 Ag.
889 4261 1033 4321 228.
1099 4258 1265 4328 λιτὰς
1314 4295 1397 4305 -
1443 4259 1802 4340 πατρῴους.
1982 4258 2149 4342 μηδὲ
2212 4259 2490 4344 θύμασι]
2558 4260 2647 4325 Cf.
2704 4261 2784 4324 ad
2831 4263 2980 4324 Ant.
3029 4262 3174 4324 267.

723 4415 728 4420 ,
809 4347 1077 4432 θύμασι]
1126 4348 1173 4411 I.
1224 4367 1280 4429 q.
1327 4348 1591 4418 θυσίαις.

899 4438 1045 4500 240.
1093 4436 1309 4501 κοινὸν
1355 4435 1703 4520 ποιεῖσθαι]
1753 4437 1800 4500 Ι.
1851 4457 1907 4520 q.
1955 4438 2269 4504 κοινωνὸν
2317 4476 2427 4500 —-.
2507 4438 2596 4502 Cf.
2645 4437 2822 4504 Dem.
2871 4439 2950 4505 de
2997 4440 3060 4504 F.
3108 4438 3174 4504 L.

719 4523 865 4589 431.
915 4526 982 4589 ἐν
1037 4527 1234 4590 ἅπασι
1287 4532 1416 4597 τοῖς
1470 4528 1660 4609 ἱεροῖς
1716 4527 1816 4590 ἐπὶ
1859 4534 1992 4599 ταῖς
2036 4529 2285 4601 θυσίαις
2339 4530 2641 4595 σπονδῶν
2685 4530 2793 4594 καὶ
2837 4531 3176 4615 κρατήρων
