3463 5287
765 398 849 462 62
1844 418 2141 466 mmmmm

944 582 1088 643 389.
1135 579 1356 660 ψεύδει
1405 618 1489 627 —
1535 580 1647 662 τὴν
1694 580 1981 665 γνώμην]
2033 579 2120 644 Cf.
2166 580 2262 645 Tr.
2315 583 2460 645 712.
2517 581 2582 646 εἴ
2614 607 2667 645 τι
2710 582 2801 666 μὴ
2850 584 3220 667 ψευσθήσο·

758 693 875 752 μαι
914 668 924 753 Ι
967 671 1242 752 γνώμης·

943 760 1088 822 390.
1137 757 1225 821 Cf.
1274 760 1372 839 Aj.
1421 761 1569 821 431.
1618 760 1771 822 αἰαῖ·
1820 761 1907 829 τίς
1953 761 2032 822 ἅν
2078 763 2215 823 ποτ’
2262 761 2422 842 ᾤεθ’
2471 759 2591 825 ὧδ’
2640 763 2985 844 ἐπώνυμον
3026 765 3035 842 Ι
3077 765 3214 826 τού-

761 848 889 931 μὸν
936 849 1241 922 ξυνοίσειν
1287 849 1682 930 (ξυνᾴδεινῒ)
1731 850 1938 930 ὄνομα
1986 856 2113 919 τοῖς
2159 850 2334 931 ἐμοῖς
2380 857 2621 921 κακοῖς.
2676 850 2836 914 Phil.
2873 854 3020 915 869.
3069 853 3215 919 Eur.

760 938 915 1001 Her.
965 939 1111 1000 931.
1178 938 1255 1000 οὔ
1302 940 1440 1000 ποτ’
1488 939 1664 1020 ηὔχει
1720 945 1935 1020 χεῖρας
1980 939 2224 1010 ἵξεσθαι
2271 940 2474 1003 σέθεν.
2541 940 2684 1004 Hel.
2737 942 2924 1004 1619.
2973 942 3095 1005 οὐκ
3139 944 3216 1003 ἄν

760 1027 900 1089 ποτ’
947 1028 1191 1109 ηὔχουν
1237 1063 1321 1072 —
1370 1029 1540 1109 ἡμᾶς
1585 1028 1804 1090 λαθεῖν
1849 1027 2198 1091 Μενέλαον.
2256 1030 2486 1092 Aesch.
2535 1030 2744 1093 Prom.
2794 1031 2939 1092 689.
2997 1031 3214 1094 οὔποτ’

762 1117 980 1179 οὔποτ’
1027 1118 1128 1197 (ἄν
1172 1116 1382 1195 τόδ’Ῥ)
1429 1117 1688 1198 ηὔχουν,
1748 1118 1967 1190 ξένους
2020 1117 2354 1198 μολεῖσθαι
2400 1118 2629 1200 λόγους
2676 1120 2740 1189 ἐς
2786 1119 2992 1183 ἀκοὰν
3039 1122 3213 1202 ἐμάν.

941 1225 1085 1286 391.
1133 1230 1263 1294 ταῖς
1308 1230 1446 1293 σαῖς
1492 1222 1802 1306 ἀπειλαῖς]
1854 1222 1941 1286 Cf.
1995 1225 2183 1286 1219.
2229 1224 2341 1287 Ph.
2380 1226 2567 1288 1012.
2618 1229 2715 1308 Aj.
2750 1227 2851 1289 82.
2890 1227 3033 1290 178.
3071 1230 3212 1289 531.

760 1313 954 1395 φόβῳ
1009 1321 1122 1394 σῷ.
1189 1312 1283 1375 ΕΙ.
1345 1314 1490 1375 233.
1556 1313 1770 1394 εὐνοίᾳ
1829 1350 1910 1357 -
1959 1313 2157 1376 αὐδῶ.
2209 1313 2279 1377 Ο.
2314 1313 2379 1377 C.
2431 1315 2575 1376 326.
2651 1314 2800 1378 Eur.
2859 1315 3010 1380 Her.
3066 1318 3212 1379 475.

761 1404 951 1476 ξένοι,
999 1402 1245 1484 θράσος
1289 1426 1400 1483 μοι
1444 1402 1649 1484 μηδὲν
1696 1402 1940 1475 ἐξόδοις
1986 1403 2167 1485 ἐμαῖς
2207 1402 2214 1483 Ι
2255 1405 2598 1486 προσθῆτε.
2648 1403 2846 1468 Orest.
2897 1407 3043 1467 461.
3091 1412 3212 1469 τοῖ-

759 1516 855 1554 σιν
902 1493 1417 1574 ἐξειργασμένοις.
1484 1490 1618 1554 Ion.
1668 1492 1813 1554 940.
1881 1493 2128 1573 ἀπαντᾷ
2185 1492 2434 1574 δάκρυά
2480 1517 2592 1574 μοι
2637 1500 2765 1564 τοῖς
2810 1500 2944 1565 σοῖς
2988 1495 3213 1575 λόγοις.

758 1583 948 1644 Arist.
997 1580 1165 1643 Ecel.
1215 1580 1358 1644 605.
1410 1581 1616 1651 οὐδεὶς
1663 1581 1852 1644 οὐδὲν
1897 1583 2079 1662 πενίᾳ
2129 1582 2360 1662 δράσει.
2498 1582 2911 1667 ἐχειμάσθην]
2962 1584 3050 1647 Cf.
3097 1584 3213 1647 Ph.

762 1671 950 1733 1460.
997 1672 1097 1753 Aj.
1133 1671 1278 1733 207.
1324 1670 1584 1751 θολερῷ
1629 1676 1820 1732 κεῖται
1865 1676 2129 1752 χειμῶνι
2175 1673 2463 1752 νοσήσας.
2513 1672 2626 1734 Ph.
2682 1674 2867 1735 1194.
2913 1674 3214 1755 χειμερίῳ

757 1760 940 1842 λύπᾳ.
988 1759 1139 1822 ΕΗΓ.
1188 1758 1404 1843 Suppl.
1456 1761 1601 1821 280.
1667 1759 1849 1830 πόλις
1906 1760 1975 1823 δὲ
2031 1760 2195 1841 πρὸς
2239 1761 2421 1823 πόλιν
2464 1760 2472 1840 Ι
2512 1762 2737 1843 ἔπτηξε
2782 1763 3213 1843 χειμασθεῖσα.

756 1848 945 1933 Hipp.
997 1850 1142 1911 311.
1189 1849 1342 1931 ἄλλῃ
1394 1847 1451 1911 δ’
1499 1849 1565 1911 ἐν
1610 1849 1766 1930 τύχῃ
1813 1850 2210 1932 χειμάζομαι.
2268 1851 2461 1913 Arist.
2509 1850 2664 1914 Ran.
2716 1852 2862 1913 361.
2911 1851 3094 1916 Pind.
3141 1852 3212 1915 P.

755 1938 871 2002 IX.
923 1940 1023 2001 32.
1071 1939 1265 2021 φόβῳ
1314 1937 1372 2001 δ’
1421 1939 1499 2001 οὐ
1545 1940 1942 2019 κεχείμανται
1988 1940 2231 2020 φρένες.

936 2047 1079 2109 392.
1128 2047 1167 2128 ἡ
1219 2083 1299 2091 -
1349 2045 1530 2114 ἐκτὸς
1562 2081 1643 2090 --
1678 2045 1880 2129 χαρὰ]
1936 2045 1984 2108 Ι.
2017 2065 2069 2109 e.
2116 2046 2156 2127 ἡ
2206 2045 2383 2116 ἐκτὸς
2428 2047 2721 2120 ἐλπίδων,
2767 2067 2898 2111 non
2946 2049 2986 2130 ἦ
3035 2049 3214 2119 ἐκτὸς

754 2136 938 2218 χαρά.
1019 2133 1106 2197 Of.
1154 2135 1245 2198 El.
1281 2136 1425 2197 256.
1474 2134 1607 2197 ἀλλ’
1654 2136 1693 2216 ἡ
1742 2136 1847 2216 βία
1896 2133 2016 2216 γὰρ
2062 2134 2230 2197 ταῦτ’
2279 2135 2616 2217 ἀναγκάζει
2660 2161 2744 2217 με
2792 2137 2970 2220 δρᾶν,
3011 2138 3020 2220 Ι
3061 2138 3210 2219 σύγ-

755 2248 967 2306 γνωτε.
1029 2226 1174 2287 330.
1222 2224 1399 2293 ἐκτὸς
1452 2224 1705 2293 ἐλπίδος
1753 2225 2014 2306 γνώμης
2057 2225 2109 2285 τ’
2157 2227 2316 2307 ἐμῆς
2364 2226 2612 2295 σωθείς.
2660 2226 2810 2289 Eur.
2861 2226 3014 2291 HeC.
3063 2227 3210 2291 674.

753 2315 978 2396 θαῦμα
1044 2313 1151 2377 καὶ
1213 2312 1366 2394 παρ’
1415 2313 1683 2382 ἐλπίδας.
1753 2312 1854 2376 Or.
1905 2314 2050 2375 966.
2108 2314 2200 2383 ὡς
2245 2313 2399 2394 παρ’
2448 2315 2700 2385 ἐλπίδας
2754 2321 2950 2397 μοῖρα
2998 2317 3211 2397 βαίνει.

752 2403 940 2466 Here.
995 2405 1136 2466 771.
1195 2404 1582 2485 δοκημάτων
1647 2403 1826 2472 ἐκτὸς
1890 2401 2085 2484 ἦλθεν
2149 2404 2333 2473 ἐλπίς.
2410 2402 2558 2467 Eur.
2607 2403 2703 2466 Fr.
2755 2406 2900 2468 550.
2966 2406 3037 2468 ἐκ
3083 2411 3214 2468 τῶν

753 2493 1041 2557 ἀέλπτων
1086 2495 1125 2575 ἡ
1176 2492 1328 2574 (γὰρ
1376 2500 1487 2555 aut
1530 2492 1697 2569 τοιΡ)
1753 2493 1935 2573 χάρις
1997 2493 2233 2573 μείζων
2295 2495 2547 2575 βροτοῖς
2589 2494 2596 2571 Ι
2637 2500 2906 2575 φανεῖσα
2970 2495 3216 2576 μᾶλλον

754 2586 792 2666 ἢ
841 2583 912 2646 τὸ
958 2582 1521 2664 προσδοκώμενον.
1587 2580 1772 2645 Pind.
1824 2580 1918 2645 Ol.
1967 2580 2146 2645 XIII.
2196 2583 2297 2643 83.
2353 2583 2512 2646 τελεῖ
2558 2583 2736 2647 θεῶν
2784 2583 3050 2666 δύναμις
3102 2585 3216 2648 καὶ

752 2672 863 2735 τάν
935 2672 1088 2754 παρ’
1155 2674 1352 2754 ὅρκον
1417 2673 1522 2734 καὶ
1584 2671 1761 2752 παρὰ
1832 2671 2050 2734 ἐλπίδα
2115 2673 2371 2753 κούφαν
2434 2674 2641 2736 κτίσιν.
2707 2674 2956 2737 Aelian.
3005 2674 3081 2735 V.
3129 2674 3213 2738 H.

751 2761 934 2826 XIII.
985 2767 1085 2825 24.
1132 2762 1307 2843 παρὰ
1354 2761 1465 2844 τὴν
1513 2762 1709 2833 δόξαν
1754 2761 1862 2822 καὶ
1906 2761 2017 2842 τὴν
2049 2761 2284 2824 ἐλπίδα.
2332 2760 2482 2824 XII.
2518 2764 2618 2824 57.
2667 2763 2857 2844 ἄφνω
2903 2763 3011 2825 καὶ
3055 2764 3214 2844 παρ’

752 2851 987 2915 ἐλπίδα.
1037 2851 1259 2931 Polyb.
1308 2850 1560 2914 XXXI.
1615 2851 1712 2912 18.
1765 2851 1819 2911 5.
1885 2850 2039 2932 παρ’
2104 2851 2322 2913 ἐλπίδα
2387 2852 2494 2913 καὶ
2539 2852 2947 2933 παραδόξως.
3015 2854 3200 2916 Arist

752 2939 920 3003 Nub.
966 2943 1108 3004 798.
1162 2941 1347 3023 Vesp.
1398 2942 1542 3003 318.
1600 2938 1836 3002 Herod.
1885 2939 2000 3002 IX.
2055 2941 2196 3002 109.
2295 2940 2682 3024 “Sophocles
2737 2941 3001 3005 fortasse
3055 2943 3215 3005 scri-

751 3036 961 3112 pserat
1006 3030 1139 3092 ἀλλ’
1186 3032 1225 3111 ἡ
1277 3029 1397 3110 γὰρ
1445 3029 1623 3099 ἐκτὸς
1669 3029 1922 3099 ἐλπίδος
1966 3029 2165 3112 πολλὴ
2215 3029 2443 3110 χάρα.”
2489 3029 2724 3111 (Dind.)

933 3139 1077 3200 393.
1124 3135 1367 3219 μῆκος]
1424 3136 1513 3199 ΙΗ
1568 3135 2025 3219 magnitude.
2113 3135 2319 3199 Schol.
2368 3138 2454 3207 εἰς
2485 3137 2555 3199 τὸ
2585 3138 2879 3219 μέγεθος.
2971 3136 3216 3221 Μῆκος

751 3248 862 3310 pro
908 3227 1186 3308 μέγεθος
1230 3227 1534 3309 positum,
1580 3231 1654 3287 ut
1695 3225 1949 3307 μακρὸς
1996 3244 2108 3308 pro
2154 3227 2353 3307 μέγας
2401 3228 2500 3308 Α]’.
2541 3227 2683 3289 130.
2717 3235 2830 3291 etc.
2909 3226 3001 3291 Cf.
3041 3226 3212 3291 Plut.

751 3315 906 3379 Mor.
953 3315 1035 3378 11.
1086 3316 1209 3378 607
1247 3315 1316 3378 Ε.
1362 3315 1604 3397 μήκεος
1651 3316 1866 3398 ὄλβου.
1945 3315 2273 3378 Nauckius
2315 3322 2378 3379 et
2410 3316 2682 3397 Seyffert
2724 3317 2918 3396 male,
2966 3319 3213 3400 opinor,

750 3412 1141 3469 connectunt
1182 3411 1395 3487 μῆκος
1442 3405 1630 3467 οὐδὲν
1677 3405 1918 3484 (nulla
1965 3407 2370 3486 mensura),
2418 3405 2556 3468 coll.
2607 3404 2732 3468 Cio.
2767 3404 2883 3468 Off.
2920 3407 2977 3488 3,
3011 3408 3071 3486 8,
3104 3408 3211 3469 35.

749 3495 1094 3559 ‘Honestas
1141 3495 1315 3558 omni
1348 3495 1629 3578 pondere
1660 3495 1914 3576 gravior
1960 3494 2250 3557 habenda
2281 3504 2376 3557 est
2422 3513 2614 3576 quam
2660 3494 2905 3577 reliqua
2952 3496 3226 3578 omnia?v

930 3605 1075 3667 394.
1124 3600 1501 3685 ἀπώμοτος]
1550 3601 1676 3664 Hic
1721 3602 2002 3663 activum
2050 3610 2160 3664 est.
2239 3601 2442 3684 Supra
2488 3603 2664 3683 (388)
2711 3604 3059 3684 passivum.
3116 3603 3212 3667 Cf.

747 3693 981 3776 Adesp.
1031 3695 1178 3755 472.
1244 3697 1372 3753 πᾶν
1434 3715 1528 3754 τοι
1592 3690 1798 3772 σοφὸς
1861 3696 2012 3759 νοῦς
2076 3692 2144 3763 ἐξ
2207 3691 2562 3772 ἀμηχάνων
2615 3692 2750 3773 ἄγει
2791 3692 2799 3772 Ι
2840 3692 2950 3754 καὶ
3002 3693 3212 3755 πάντα

747 3784 930 3865 κηλεῖ
967 3783 1320 3863 (κραίνειΡ),
1365 3783 1487 3843 κᾶν
1535 3779 1881 3860 ἀπώμοτός
1925 3804 2012 3850 τις
2042 3778 2101 3861 ᾗ.
2152 3781 2296 3842 388.
2376 3780 2606 3843 Confer
2644 3781 3006 3862 ἀνώμοτος,
3055 3780 3212 3845 Eur.

746 3872 936 3956 Hipp.
987 3874 1134 3933 612.
1191 3872 1230 3952 ἡ
1282 3869 1512 3951 γλῶσσ’
1562 3870 1878 3952 ὀμώμοχ’,
1935 3870 1973 3952 ἡ
2026 3870 2095 3932 δὲ
2142 3869 2313 3951 φρὴν
2360 3870 2709 3951 ἀνώμοτος.
2756 3877 2820 3933 et
2864 3871 3214 3953 ἐνώμοτος,

749 3964 846 4044 Aj.
901 3962 1087 4023 1113.
1136 3961 1314 4041 εἵνεχ’
1363 3959 1581 4040 ὅρκων
1629 3959 1786 4022 οἶσιν
1832 3958 1911 4041 ἦν
1957 3960 2295 4040 ἐνώμοτος.

929 4068 1073 4132 396.
1121 4068 1358 4149 κλῆρος
1405 4103 1486 4111 -
1537 4065 1865 4149 ἐπάλλετο]
1933 4065 2020 4129 Cf.
2072 4065 2163 4128 El.
2216 4067 2359 4129 709.
2426 4067 2673 4136 στάντες
2730 4066 2789 4130 δ’
2837 4065 2945 4130 ὅθ’
2993 4068 3211 4139 αὐτοῖς

748 4159 810 4220 οἱ
851 4159 1208 4239 τεταγμένοι
1252 4157 1502 4240 βραβῆς
1543 4158 1551 4235 Ι
1592 4156 1869 4237 κλήρους
1915 4156 2167 4238 ἔπηλαν.
2223 4155 2412 4219 Hom.
2460 4155 2532 4219 Il.
2582 4158 2684 4238 23,
2731 4157 2878 4219 861.
2925 4157 3212 4240 κλήρους

749 4245 806 4310 δ’
854 4248 920 4309 ἐν
966 4249 1157 4329 κυνέῃ
1206 4246 1513 4328 χαλκήρεϊ
1551 4245 1792 4308 πάλλον
1837 4245 2094 4315 ἑλόντες.

927 4338 1071 4399 397.
1118 4333 1506 4418 θοῦρμαιον]
1546 4333 1850 4415 Ἑρμαῖος
1896 4333 1998 4414 (ab
2036 4333 2307 4416 (Ερμῆς,
2353 4334 2560 4398 bonae
2605 4336 2895 4398 fortunae
2943 4355 3206 4415 numen,

748 4428 974 4489 Aeseh.
1009 4425 1173 4509 Sept.
1211 4426 1377 4502 508.)
1422 4426 1860 4487 fortunatus
1906 4423 2220 4503 significat
2268 4425 2493 4486 Aesch.
2529 4423 2711 4486 Eum.
2747 4424 2893 4485 947.
2962 4423 3204 4488 Eadem

747 4516 940 4576 erasis
1002 4515 1075 4576 fit
1135 4516 1203 4576 in
1267 4514 1645 4577 θούκάτειον
1709 4515 1900 4575 Arist.
1957 4513 2105 4594 Lys.
2165 4514 2265 4574 64.
2355 4512 2592 4576 Similis
2638 4514 2708 4575 in
2770 4513 3206 4595 θούμόφυλον
