3463 5287
580 401 709 467 268
1593 423 1844 470 σι’-ωψσε
1888 424 2013 469 mex

575 581 671 645 Tr.
707 583 851 645 992.
898 582 1049 647 Eur.
1098 582 1335 648 Phoen.
1379 583 1566 648 1679.
1613 584 1759 667 τᾶμ’
1807 583 1936 666 ἐγὼ
1983 585 2223 666 στέρξω
2269 585 2457 648 κακά.
2594 586 2688 657 ὡς
2732 586 3032 658 θέλοντος

577 673 656 734 ἂν
704 670 819 756 -]
887 671 977 736 Of.
1043 674 1184 736 145.
1235 673 1381 735 523.
1444 673 1539 736 Tr.
1589 674 1735 737 394.
1803 674 2079 748 δίδαξον,
2146 675 2239 745 ὡς
2302 675 2631 757 ἕρποντος,
2697 676 2790 747 ὡς
2854 676 3029 759 ὁρᾷς,

578 761 754 843 ἐμοῦ.
804 758 875 823 Ο.
910 759 975 824 C.
1028 762 1172 826 761.
1231 761 1360 826 ἀπὸ
1415 762 1650 833 παντὸς
1695 765 1776 827 ἂν
1820 765 2043 846 φέρων
2084 762 2092 847 Ι
2132 764 2325 846 λόγου
2383 765 2631 828 δικαίου
2677 766 3028 849 μηχάνημα

575 850 877 915 ποικίλον.
946 852 1046 915 83.
1117 851 1261 915 965.
1326 851 1490 915 Phil.
1539 853 1687 916 407.
1753 853 1966 927 ἔξοιδα
2033 853 2153 936 γὰρ
2220 877 2314 917 νιν
2367 853 2603 925 παντὸς
2648 857 2727 918 ἂν
2772 855 2966 937 λόγου
3018 852 3025 941 Ι

578 939 832 1023 γλώσσῃ
879 940 1159 1022 θιγόντα.
1224 941 1373 1004 Ant„
1427 941 1614 1004 1171.
1679 940 1833 1006 Eur.
1882 941 2069 1027 Hipp.
2121 943 2265 1006 519.
2329 943 2510 1007 πάντ’
2575 945 2655 1008 ἂν
2718 944 3031 1027 φοβηθεὶς

577 1029 723 1094 ἴσθι.
791 1029 945 1093 Plat.
1002 1029 1190 1094 Euth.
1247 1033 1305 1093 4.
1379 1031 1741 1113 προστιθεὶς
1802 1034 1882 1096 ἂν
1945 1032 2155 1116 ἡδέως
2221 1032 2525 1115 (μισθόν).
2594 1032 2786 1097 Isocr.
2834 1033 3028 1118 Epist.

577 1118 691 1182 IX.
742 1118 798 1182 6.
867 1119 1166 1203 δυνηθεὶς
1228 1121 1307 1184 ἂν
1353 1158 1438 1166 -
1487 1121 1911 1205 διαλεχθῆναι.
1975 1121 2237 1187 Lucian.
2282 1121 2498 1187 Herm.
2549 1124 2650 1186 28.
2715 1123 2807 1194 ὡς
2871 1123 3029 1206 τάχα

577 1209 657 1272 ἂν
701 1208 814 1292 τὴν
859 1209 1113 1291 ἀρίστην
1159 1209 1514 1292 ἑλομένους.

553 1310 566 1317 ’
760 1299 858 1361 12.
905 1298 1315 1384 προσαρκεῖν]
1383 1297 1609 1383 Opem
1675 1300 1895 1365 ferre.
1974 1300 2065 1365 cf.
2119 1302 2261 1365 141.
2328 1300 2399 1365 Ο.
2433 1300 2499 1365 O.
2552 1303 2652 1365 72.
2800 1302 3028 1366 δυσάλ-

577 1387 795 1472 γητος]
842 1388 1268 1473 Unfeeling.
1344 1387 1393 1452 I.
1428 1408 1485 1471 q.
1533 1389 1880 1472 ἀνάλγητος
1926 1391 2046 1473 (Aj.
2081 1390 2267 1470 946.).
2324 1388 2413 1453 Of.
2446 1391 2544 1455 Fr.
2578 1390 2726 1473 866,
2758 1392 2816 1453 2.
2864 1391 3031 1462 ὅστις

583 1476 705 1560 γὰρ
753 1477 820 1541 ἓν
850 1484 1137 1543 κακοῖσιν
1182 1479 1400 1561 ῖμείρει
1443 1478 1588 1562 βίου
1630 1479 1640 1562 Ι
1679 1481 1719 1562 ἢ
1771 1479 1971 1550 δειλός
2026 1480 2186 1544 ἔστιν
2240 1482 2280 1563 ἢ
2332 1480 2718 1563 δυσάλγητος
2772 1482 3030 1563 φρένας.

575 1567 724 1631 Alio
772 1578 964 1632 3911311
1018 1567 1242 1652 Eupol.
1292 1568 1438 1631 410.
1488 1568 1877 1651 δύσαλγητον
1922 1570 1981 1651 (1.
2016 1588 2066 1633 9.
2116 1569 2482 1650 δύσοιστον).
2562 1568 2794 1635 Confer
2838 1570 3026 1634 ἀνάλ-

578 1679 790 1739 γητος,
840 1657 1305 1740 δυσθρήνητος,
1357 1657 1808 1739 δυσδάκρυτος.

761 1746 858 1808 13.
907 1744 994 1809 Of.
1027 1745 1177 1809 Eur.
1211 1745 1362 1811 Her.
1397 1748 1542 1810 282.
1589 1748 1795 1830 μάτην
1843 1746 1964 1831 γὰρ
2010 1749 2176 1832 ἥβην
2208 1746 2341 1813 ὧδέ
2386 1748 2443 1831 γ’
2490 1750 2570 1813 ἂν
2600 1749 2981 1830 κεκτῴμεθα
3020 1745 3027 1836 Ι

577 1834 816 1917 πολλὴν
880 1836 947 1899 ἐν
997 1836 1206 1918 Ἄργει
1268 1838 1359 1919 μή
1426 1860 1496 1901 σε
1557 1838 2041 1920 τιμωρούμενοι.
2107 1835 2274 1902 Χ911.
2325 1840 2445 1901 Α11.
2493 1838 2603 1902 VI.
2652 1841 2709 1901 4.
2764 1838 2862 1902 19.
2910 1839 3029 1902 οὐκ

576 1927 655 1988 ἂν
701 1926 824 2007 ἔφη
873 1925 1215 2007 ἐξαγαγεῖν,
1261 1926 1351 2008 μὴ
1402 1926 1520 2009 (μὴ
1570 1927 1723 2006 offe)
1773 1928 2162 2009 γιγνομένων
2207 1932 2335 1990 τῶν
2381 1928 2586 2008 ἱερῶν.
2636 1927 2871 1991 Herod.
2922 1927 3029 1991 VI.

581 2015 724 2077 106.
770 2014 975 2098 εἰνάτῃ
1026 2015 1095 2078 δὲ
1141 2015 1262 2079 οὐκ
1318 2015 1750 2089 ἐξελεύσεσθαι
1796 2018 2041 2099 ἔφασαν
2084 2017 2175 2100 μὴ
2225 2017 2303 2080 οὗ
2342 2017 2616 2100 πλήρεος
2662 2017 2873 2088 ἐόντος
2918 2023 3031 2081 τοῦ

576 2103 836 2167 κύκλου.

760 2194 859 2257 14.
906 2193 1242 2276 κρατύνων
1289 2231 1372 2240 —
1421 2194 1673 2279 χώρας]
1733 2195 1822 2259 Of.
1870 2195 1985 2259 Ph.
2037 2196 2225 2259 1161.
2281 2196 2504 2278 μηκέτι
2547 2194 2826 2279 μηδενὸς
2871 2218 3028 2277 κρα-

577 2283 785 2347 τύνων
848 2284 967 2347 ὅσα
1044 2284 1276 2366 πέμπει
1347 2284 1673 2367 βιόδωρος
1736 2283 1859 2348 αἶα.
1928 2286 2073 2348 366.
2136 2285 2323 2348 1059.
2390 2285 2540 2349 Eur.
2602 2284 2824 2349 Bacch.
2884 2285 3030 2348 660.

576 2370 864 2445 Πενθεῦ,
911 2373 1245 2455 κρατύνων
1289 2374 1477 2457 τῆσδε
1531 2372 1830 2457 Θηβαίας,
1862 2374 2118 2457 χθονός.

762 2463 858 2524 15.
904 2463 1290 2545 προσήμεθα
1335 2464 1612 2546 βωμοῖσι
1646 2462 1762 2548 —]
1821 2462 1912 2527 Cf.
1960 2462 2110 2527 Eur.
2158 2460 2372 2547 Suppl.
2425 2464 2524 2526 92.
2569 2464 2825 2547 βωμίαν
2873 2464 3028 2547 ἐφη-

575 2552 792 2635 μένην·

761 2641 858 2706 16.
903 2642 1180 2725 βωμοῖσι
1227 2648 1352 2714 τοῖς
1397 2642 1561 2728 σοῖς]
1613 2641 1818 2708 891101.
1866 2642 1962 2714 ὥς
2007 2641 2127 2726 γὰρ
2175 2641 2276 2708 ἐπὶ
2321 2642 2481 2707 θεοῦ
2512 2640 2785 2727 βωμοὺς
2814 2643 3028 2727 πάρει-

577 2755 673 2796 σιν
737 2731 838 2795 ene
899 2732 1049 2802 τοὺς
1109 2731 1238 2813 πρὸ
1301 2736 1430 2796 τῶν
1490 2733 1827 2816 βασιλείων
1891 2733 2285 2815 ἱδρυμένους.
2365 2730 2453 2796 Cf.
2502 2732 2650 2795 Eur.
2698 2733 2835 2796 Alo.
2888 2733 3031 2796 171.

578 2821 815 2891 πάντας
874 2821 943 2885 δὲ
995 2821 1265 2904 βωμοὺς
1321 2825 1390 2885 οἳ
1426 2825 1562 2885 κατ’
1600 2822 1918 2906 Ἀδμήτου
1977 2822 2219 2905 δόμους
2259 2822 2268 2905 Ι
2309 2823 2641 2906 προσῆλθε
2686 2822 3033 2904 κάξέστεψε

576 2910 684 2973 καὶ
728 2911 1150 2993 προσηύξατο.
1297 2913 1358 2974 οἱ
1400 2911 1520 2994 μὲν
1567 2950 1650 2959 -
1698 2911 2061 2997 σθένοντες]
2128 2911 2270 2978 Hoc
2334 2931 2464 2975 non
2530 2913 2886 2977 necessario
2952 2912 3032 2976 (19

579 2999 931 3065 infantibus
976 3000 1460 3084 intelligendum
1509 3006 1629 3083 931,
1678 3002 1790 3065 sed
1823 3001 1901 3066 de
1934 3001 2421 3066 adolescentulis
2454 3002 2788 3084 utriusque
2819 3021 3030 3067 sexus,

666 3091 728 3152 οἱ
768 3089 889 3173 μὲν
938 3088 1055 3174 -]
1105 3088 1194 3154 Cf.
1241 3088 1430 3153 Hom.
1479 3089 1592 3154 od.
1632 3091 1731 3173 11,
1766 3093 1873 3166 38,
1915 3092 2160 3173 νύμφαι
2205 3091 2268 3154 τ’·
2306 3090 2518 3174 ἠΐθεοί
2558 3116 2620 3155 τε
2665 3091 3039 3174 πολύτλητοί

577 3203 640 3242 τε
687 3180 972 3262 γέροντες
1012 3178 1022 3261 Ι
1061 3180 1448 3261 παρθενικαί
1496 3178 1548 3242 τ’
1604 3180 1849 3254 ἀταλαὶ,
1906 3181 2252 3244 νεοπενθέα
2309 3180 2528 3263 θυμὸν
2584 3182 2856 3263 ἔχουσαι.
2935 3179 3032 3245 Si-

578 3268 813 3333 militer
877 3269 1046 3353 apud
1107 3268 1436 3333 Horatiam
1502 3269 1580 3349 (Ι.
1628 3268 1826 3335 Serm.
1874 3268 1983 3333 VI.
2035 3270 2165 3350 74.)
2230 3273 2583 3354 juveneS,
2659 3289 2908 3352 391193,
2973 3276 3035 3333 91

575 3358 795 3442 pueri
842 3360 1032 3423 simul
1079 3364 1670 3424 commemorantur.
1854 3358 2114 3422 οὐδέπω
2164 3359 2280 3443 -]
2348 3358 2436 3423 cf.
2495 3359 2643 3422 Eur.
2692 3360 2879 3424 Herc.
2931 3361 3032 3423 71.

578 3449 650 3511 οἵ
692 3447 760 3511 θ’
810 3446 1170 3530 Ἡράκλειοι
1233 3449 1481 3521 παῖδες,
1547 3451 1660 3519 οὓς
1723 3448 2121 3531 ὑποπτέρους
2162 3447 2170 3532 Ι
2211 3450 2407 3523 σώζω
2469 3449 2796 3523 νεοσσοὺς,
2863 3450 3034 3532 ὄρνις

577 3539 670 3608 ὣς
715 3537 1019 3621 ὑφειμένη
1069 3539 1408 3621 (ἐφημένη,
1456 3544 1567 3602 aut
1609 3539 2072 3621 ὖφειμένουςΡ).

763 3628 860 3689 17.
910 3626 997 3691 Cf.
1045 3625 1233 3690 Hom.
1281 3626 1354 3691 ΙΙ.
1404 3629 1462 3710 8,
1497 3628 1642 3689 518.
1688 3628 1922 3698 παῖδας
1966 3628 2329 3711 πρωθήβας
2373 3628 2926 3711 πολιοκροτάφους
2970 3651 3034 3691 τε

579 3717 875 3799 γέροντας
916 3714 924 3799 Ι
964 3716 1266 3790 λέξασθαι
1320 3717 1464 3799 περὶ
1509 3717 1662 3780 ἄστυ
1719 3717 2105 3800 θεοδμήτων
2157 3718 2256 3781 ἐπὶ
2310 3718 2603 3800 πύργων·
2645 3718 2653 3800 Ι
2695 3718 3033 3800 θηλύτεραι

579 3806 649 3870 δὲ
697 3812 984 3887 γυναῖκες
1033 3843 1116 3852 --
1163 3812 1293 3887 πῦρ
1338 3808 1502 3888 μέγα
1549 3806 1879 3870 καιόντων.
2016 3805 2132 3870 σὺν
2178 3808 2345 3889 γήρᾳ
2388 3806 2636 3891 βαρεῖς]
2685 3805 2732 3868 Ι.
2767 3825 2817 3871 9.
2867 3807 3031 3890 ‘gra-

580 3912 692 3958 ves
738 3894 977 3977 annis’,
1030 3900 1100 3958 111
1136 3896 1356 3959 scribit
1400 3895 1704 3959 Horatius
1752 3894 1875 3959 Sat.
1922 3895 1971 3959 I.
2017 3897 2070 3958 1.
2105 3898 2161 3958 4.
2241 3896 2330 3960 Cf.
2382 3899 2479 3979 Aj.
2519 3897 2704 3960 1017.
2753 3896 2820 3960 ἒν
2866 3898 3033 3979 γήρᾳ

577 3985 796 4066 βαρύς.
844 3984 939 4048 Tr.
989 3985 1136 4048 235.
1192 3985 1368 4067 νόσῳ
1412 3985 1634 4067 βαρύν.
1685 3985 1876 4049 Arist„
1927 3985 2080 4049 Ach.
2132 3985 2276 4048 220.
2332 3994 2425 4067 τῷ
2469 3985 2722 4068 παλαιῷ
2768 3986 3032 4067 Λακρα-

577 4074 743 4156 τείδῃ
806 4073 878 4136 τὸ
944 4073 1166 4145 σκέλος
1228 4075 1580 4156 βαρύνεται.
1645 4074 1901 4139 Theocr.
1951 4073 2194 4137 XXIV.
2250 4075 2390 4138 100.
2455 4075 2660 4159 βαρύς
2723 4099 2843 4156 περ
2908 4075 3035 4139 ἐὼν

580 4164 895 4234 ἐνιαυτοῖς.
971 4163 1146 4246 Virg.
1207 4169 1364 4229 Aen.
1421 4161 1536 4226 IX.
1596 4165 1743 4226 246.
1819 4165 2032 4227 ‘annis
2105 4164 2352 4247 gravis?
2420 4163 2488 4228 Ο.
2533 4164 2598 4228 C.
2664 4165 2849 4228 1663.
2921 4164 3035 4228 σὺν

579 4252 789 4322 νόσοις
835 4253 1130 4335 ἀλγεινός.
1188 4253 1350 4317 Phil.
1406 4254 1590 4315 1223.
1649 4252 1765 4317 σὺν
1812 4254 2063 4337 σπουδῇ
2110 4254 2316 4336 ταχύς.
2380 4255 2521 4318 185.
2568 4254 2635 4317 ἔν
2681 4254 2732 4316 τ’
2779 4253 3035 4324 ὀδύναις

580 4343 748 4424 ὁμσῦ
790 4342 797 4423 Ι
848 4343 1016 4425 λιμῷ
1061 4342 1111 4405 τ’
1161 4342 1424 4425 οἷκτρός.

763 4432 858 4494 18.
906 4431 1151 4516 ᾐθέων]
1211 4430 1300 4494 Cf.
1348 4432 1499 4496 Eur.
1550 4431 1783 4495 Phoen.
1835 4433 1979 4495 945.
2038 4433 2115 4495 οὗ
2164 4432 2285 4515 γάρ
2334 4433 2493 4497 ἔστιν
2538 4434 2752 4515 ᾔθεος.
2814 4431 3034 4515 Eupol.

578 4520 658 4588 II.
711 4522 855 4584 561.
903 4522 1065 4604 κόρη
1120 4558 1198 4566 -
1245 4522 1460 4605 ᾔθεος.
1539 4521 1760 4585 Soluta
1821 4522 2024 4585 forma
2086 4521 2305 4604 ἠΐθεος
2362 4522 2596 4607 legitur
2649 4523 2719 4584 in
2766 4521 3036 4590 choriois
