3463 5287
580 403 709 471 346
1596 421 1849 471 nmmos
1893 421 2017 469 mcx

757 584 884 651 897
919 602 1010 666 sq.
1077 581 1382 648 Similiter
1445 581 1540 647 El.
1590 583 1736 647 498.
1802 583 1844 665 ἥ
1898 605 1988 646 τοι
2044 581 2114 664 (Ι.
2162 580 2201 665 ἦ
2251 582 2374 657 τοι)
2437 587 2720 664 μαντεῖαι
2782 585 3037 666 βροτῶν

581 673 701 737 οῦκ
749 670 897 738 εἰσὶν
942 671 1010 736 έν
1055 673 1281 744 ὁεινοῒς
1326 671 1589 754 ὀνείροις
1636 670 1778 735 οὐδ’
1826 672 1894 735 ἐν
1938 672 2308 755 θεσφάτοις,
2365 671 2423 736 εἰ
2470 672 2561 755 μὴ
2619 672 2762 737 τόδε
2807 672 3035 756 φάσμα

579 761 806 833 νυκτὸς
851 759 921 829 εὖ
953 762 1346 845 κατασχήσει.
1395 763 1541 825 823.
1584 767 1712 826 ποῦ
1744 785 1898 827 ποτε
1927 761 2227 843 κεραυνοὶ
2259 759 2434 834 Διὸς,
2482 764 2521 845 ἢ
2552 765 2682 826 ποῦ
2714 762 2990 844 φαέθων
3023 758 3033 829 Ι

566 851 801 925 Ἅλιος,
849 852 907 916 εἰ
946 850 1115 915 ταῦτ’
1163 852 1530 934 ἐφορῶντος
1570 849 1580 934 Ι
1619 850 2005 933 κρύπτουσιν
2052 851 2265 933 ἕκηλοι
2276 874 2298 927 ,·

760 941 907 1005 898.
957 945 1070 1022 γᾶς
1116 940 1214 1005 ἐπ’
1262 936 1582 1025 ὀμφαλὸν]
1630 939 1720 1004 Of.
1769 939 1920 1004 Eur.
1968 937 2132 1004 Med.
2183 940 2327 1004 666.
2374 940 2433 1007 τί
2474 939 2532 1003 δ’
2579 939 2877 1023 ὀμφαλὸν
2922 947 3038 1025 γῆς

578 1028 948 1112 θεσπιῳδὸν
993 1030 1282 1113 ἕστάλης;
1329 1027 1463 1094 Ion.
1498 1031 1644 1093 223.
1678 1027 1880 1093 Orest.
1915 1028 2063 1093 226.
2103 1026 2337 1095 Phoen.
2372 1031 2518 1093 244.
2565 1028 2700 1114 Iph.
2734 1031 2810 1095 A.
2848 1031 3035 1094 1252.

578 1120 707 1185 Οἰσ.
753 1119 935 1183 Verr.
983 1117 1093 1183 VI.
1142 1120 1244 1182 48.
1318 1116 1467 1195 ‘Qui
1533 1118 1740 1201 locus,
1810 1118 1983 1203 quod
2047 1119 2113 1181 in
2179 1118 2388 1183 media
2445 1121 2542 1183 est
2594 1119 2806 1184 insula
2859 1119 3037 1201 situS,

577 1208 927 1274 umbilicus
982 1208 1238 1275 Siciliae
1292 1209 1694 1273 nominatur!
1752 1206 1884 1272 Liv.
1933 1205 2215 1273 XXXV.
2268 1209 2365 1271 18.
2423 1207 2690 1291 ‘Aetoli‚
2740 1209 2853 1291 qui
2898 1228 3036 1273 um-

577 1298 842 1365 bilicum
899 1297 1204 1363 Graeciae
1258 1297 1581 1362 incolunt.'
1629 1296 1816 1362 Pind.
1862 1297 1932 1361 P.
1982 1296 2097 1361 XI.
2150 1297 2249 1361 17.
2308 1295 2605 1361 Πυθῶνά
2660 1321 2725 1362 τε
2769 1297 2878 1362 καὶ
2923 1298 3027 1381 ὀρ·

579 1388 854 1452 θοόίκαν
899 1386 1361 1470 (ὀρθόδικονῖ)
1409 1392 1524 1469 γᾶς
1569 1386 1884 1470 ὀμφαλόν.

757 1495 903 1560 899.
936 1494 1212 1578 Ἀβαισι]
1280 1493 1368 1559 Cf.
1424 1492 1660 1559 Herod.
1708 1494 1885 1559 VIII.
1935 1494 2036 1557 33.
2084 1493 2192 1558 καὶ
2240 1493 2463 1577 Ἄβας,
2528 1495 2688 1558 ἔνθα
2754 1493 2834 1577 ἦν
2897 1493 3036 1578 ἱρὸν

567 1584 971 1656 ’Λπόλλωνος
1016 1583 1336 1657 πλούσιον,
1382 1584 1509 1647 κτλ.
1581 1585 1724 1647 134.
1789 1582 1897 1648 καὶ
1951 1583 2015 1655 ἐς
2056 1583 2253 1667 Ἄβας
2307 1583 2413 1648 καὶ
2468 1583 2760 1649 Φωκέων
2805 1583 3029 1649 ἀπικό-

576 1698 771 1807 μξνος
817 1673 916 1737 ἐπὶ
960 1671 1032 1738 τὸ
1078 1674 1474 1756 χρηστήριον.
1553 1671 1829 1738 Oracula
1873 1671 1962 1736 ibi
2011 1672 2179 1737 edita
2225 1677 2661 1738 memorantur
2704 1672 2893 1738 Paus.
2923 1672 3036 1738 IV.

581 1766 681 1825 3-st
733 1761 919 1917 59)οξ
950 1763 1369 1936 ἕεῗρόέἳεικτα]
1416 1850 1705 1937 Digitis
1737 1857 2191 1933 monstrata.
2242 1852 2338 1915 Gl.
2373 1850 2444 1915 B.
2477 1851 2742 1935 φανερά.
2808 1849 3037 1916 Confer

578 1943 929 2027 epithetum
980 1941 1511 2014 ὀακτυλόὸεικτος.
1560 1942 1788 2008 Aesch.
1836 1945 1953 2027 Ag.
2008 1943 2195 2008 1292.

759 2049 903 2113 902.
951 2047 1249 2135 ἁρμόσει]
1298 2049 1726 2115 Intransitive.
1806 2049 1898 2114 Of.
1946 2050 2095 2113 Ant.
2151 2049 2337 2113 1318.
2386 2047 2481 2112 El.
2522 2049 2708 2113 1293.
2754 2048 2853 2113 Tr.
2890 2051 3035 2113 731.

760 2139 903 2202 903.
950 2137 1308 2223 κρατύνων]
1357 2138 1447 2203 Cf.
1495 2138 1588 2202 El.
1643 2139 1786 2201 175.
1844 2138 2032 2212 Ζεὺς,
2092 2140 2163 2209 ὃς
2209 2139 2419 2221 ἐφορᾷ
2472 2137 2674 2203 πάντα
2722 2138 2829 2202 καὶ
2874 2163 3033 2222 κρα-

578 2228 756 2293 τύνει.
824 2226 895 2292 Ο.
930 2226 996 2291 C.
1051 2228 1238 2291 1314.
1304 2227 1374 2291 O.
1407 2227 1479 2291 R.
1534 2228 1629 2291 14.
1697 2228 1923 2292 Aesch.
1980 2228 2189 2293 Prom.
2242 2228 2384 2292 150.
2460 2233 2756 2311 νεοχμοῖς
2820 2227 2889 2293 δὲ
2955 2228 3034 2312 δὴ

578 2317 798 2401 νόμοις
845 2316 1007 2387 Ζεὺς
1053 2317 1302 2387 ἀθέτως
1345 2316 1652 2397 κρατύνει.
1701 2318 1820 2397 Ag.
1874 2317 2016 2381 160.
2066 2316 2220 2381 Plat.
2270 2315 2512 2382 Phileb.
2560 2337 2617 2400 p.
2657 2318 2736 2380 12
2759 2314 2829 2380 Ο.
2882 2317 3035 2382 Hor.

578 2405 702 2470 Sat.
758 2405 840 2469 II.
898 2408 955 2470 6.
1013 2406 1114 2469 20.
1192 2405 1395 2470 Oarm.
1464 2404 1636 2469 Saea
1699 2407 1797 2469 15.
1980 2406 2162 2490 ὄρθ’]
2240 2405 2484 2472 Recte.
2563 2405 2609 2469 Ι.
2668 2427 2726 2490 q.
2794 2407 3034 2489 ὀρθῶς.

760 2602 905 2666 904.
955 2601 1081 2667 Ζεῦ
1128 2600 1306 2666 πάντ’
1353 2601 1674 2684 ἀνάσσων]
1724 2601 1816 2667 Cf.
1865 2602 2094 2667 Aesch.
2144 2602 2244 2667 Pr.
2295 2602 2440 2667 536.
2489 2602 2526 2668 ὁ
2572 2602 2774 2666 πάντα
2823 2603 3037 2687 νέμων

584 2729 665 2738 -
717 2691 894 2763 Ζεύς.
1029 2691 1120 2775 μὴ
1168 2692 1358 2756 λάθοι
1407 2690 1524 2776 -]
1592 2691 1681 2757 Of.
1729 2692 1880 2756 Eur.
1932 2690 2094 2757 Med.
2145 2693 2290 2755 332.
2358 2692 2515 2766 Ζεῦ,
2580 2692 2672 2775 μὴ
2730 2691 2919 2757 λάθοι
2966 2717 3037 2758 σε

582 2780 772 2846 τῶνδ’
837 2784 908 2853 ὃς
972 2782 1164 2852 αἴτιος
1227 2785 1467 2846 κακῶν.
1534 2779 1723 2866 Hipp.
1776 2783 1923 2845 893.
1990 2782 2235 2864 ἡμέραν
2291 2781 2361 2845 δὲ
2413 2782 2505 2866 μὴ
2563 2783 2756 2864 φύγοι
2797 2781 2807 2866 Ι
2846 2782 3037 2864 τήνδ’,

582 2872 755 2954 εἴπερ
821 2872 972 2954 ἡμῖν
1036 2871 1306 2942 ὤπασας
1369 2876 1591 2955 σαφεῖς
1654 2871 1831 2954 ἀράς.
1905 2871 2087 2935 Arist.
2139 2870 2281 2934 Pac.
2331 2871 2476 2935 267.
2540 2871 2631 2954 μὴ
2685 2870 2847 2935 ’λθοι
2911 2874 2930 2950 (
2941 2871 3033 2955 μὴ

588 2960 730 3043 ’λθῃ
779 2960 880 3039 al.)
926 2961 1164 3044 φέρων.

762 3050 907 3113 905.
957 3048 1046 3113 Of.
1095 3050 1194 3132 Aj.
1248 3050 1435 3114 1147.
1487 3050 1594 3114 καὶ
1640 3050 1710 3115 σὲ
1756 3050 1863 3114 καὶ
1907 3049 1978 3115 τὸ
2025 3048 2139 3115 σὸν
2184 3051 2423 3134 λάβρον
2469 3049 2687 3132 στόμα.
2736 3048 2884 3114 Eur.
2934 3050 3039 3114 Or.

584 3140 728 3203 538.
776 3139 942 3203 ὅπου
991 3163 1060 3203 σε
1103 3139 1315 3222 μέλλω
1363 3141 1481 3222 σήν
1526 3164 1590 3203 τε
1635 3140 1932 3223 λυπήσειν
1978 3141 2197 3222 φρένα.

763 3248 909 3310 906.
957 3245 1303 3331 φθίνοντα]
1383 3246 1510 3312 Per
1571 3246 1808 3311 παλαιὰ
1873 3248 2151 3332 explicat
2212 3246 2404 3312 schol.
2493 3246 2583 3311 Cf.
2649 3248 2796 3310 Ant
2851 3247 3036 3311 1013.

581 3337 866 3419 φθίνοντ’
932 3335 1205 3420 ’ἀσήμων
1269 3335 1506 3419 ὀργίων
1568 3337 1988 3420 μαντεύματα.
2059 3337 2284 3400 Aeso-h.
2343 3335 2510 3419 Sept.
2559 3336 2705 3400 844.
2771 3334 3039 3418 θέσφατ’

582 3426 702 3489 οὐκ
750 3425 1145 3509 ἀμβλύνεται.
1212 3423 1361 3490 Eur.
1410 3424 1541 3509 Iph.
1589 3425 1652 3489 Τ.
1705 3426 1849 3490 116.
1916 3427 1993 3490 οὗ
2060 3425 2181 3508 γὰρ
2236 3425 2308 3488 τὸ
2362 3431 2474 3488 τοῦ
2530 3426 2691 3490 θεοῦ
2739 3424 2797 3507 γ’
2845 3426 3039 3497 αἴτιος

582 3515 923 3598 γενήσομαι
971 3515 980 3596 Ι
1029 3520 1238 3579 πεσεῖν
1301 3515 1616 3598 ἄχρηστον
1689 3513 1763 3598 (l.
1809 3515 2146 3598 ἄκραντον)
2210 3515 2551 3598 θέσφατον.
2640 3513 2877 3579 Contra
2932 3515 3036 3578 44.

580 3603 675 3676 ὡς
718 3609 909 3668 τοῖσιν
955 3604 1298 3687 ἐμπείροισι
1363 3604 1470 3668 καὶ
1532 3603 1642 3675 τὰς
1705 3604 2044 3688 ξυμφορὰς
2085 3603 2095 3688 Ι
2137 3605 2348 3679 ζώσας
2403 3604 2543 3686 ὁρῶ
2597 3604 2861 3687 μάλιστα
2909 3605 3038 3668 τῶν

579 3692 1050 3776 βουλευμάτων.
1187 3691 1395 3757 Λαΐου
1443 3692 1764 3777 θέσφατα]
1813 3692 1861 3757 Ι.
1895 3715 1945 3759 e.
1981 3693 2235 3758 oracula
2265 3691 2419 3757 Laio
2452 3694 2612 3757 data.
2682 3693 2770 3757 Cf.
2798 3689 3034 3758 Herod.

586 3781 662 3843 V.
712 3783 815 3845 43.
863 3781 1069 3847 Λαΐου
1118 3782 1363 3862 (Λάσου
1412 3781 1628 3864 Dobr.)
1673 3785 1965 3867 χρησμοί.

760 3888 909 3960 907.
956 3886 1044 3952 Cf.
1097 3889 1317 3956 Aesch.
1365 3887 1548 3954 Eum.
1600 3889 1746 3953 738.
1792 3889 1942 3955 Eur.
1992 3890 2085 3954 ΕΙ.
2137 3891 2326 3956 1103.
2377 3888 2567 3955 Arist.
2617 3888 2736 3972 Eq.
2784 3889 2933 3956 860.

761 3979 907 4042 908.
955 3976 1331 4062 ἐξαιροῦσιν]
1379 3978 1426 4042 Ι.
1475 3997 1525 4043 e.
1573 3979 2003 4062 ἀφανίζουσιν,
2054 3983 2125 4044 ut
2169 3979 2448 4064 explicat
2492 3978 2875 4060 Hesychius.

761 4068 906 4132 909.
952 4073 1156 4150 τιμαῖς
1205 4104 1287 4114 --
1335 4066 1656 4152 ἐμφανής]
1704 4068 1754 4134 Ι.
1803 4087 1853 4133 e.
1902 4070 2143 4153 palam
2192 4069 2625 4133 honoratur.

763 4156 908 4221 910.
956 4158 1122 4240 ἔρρει
1170 4156 1240 4221 δὲ
1284 4156 1357 4220 τὰ
1404 4157 1583 4243 θεῖα]
1639 4156 1730 4222 Of.
1779 4158 1877 4242 Aj.
1912 4159 2058 4222 249.
2106 4159 2282 4241 ἔρροι
2327 4159 2440 4221 τᾶν
2486 4156 2686 4228 αι’ὁὼς
2734 4157 3037 4221 ἁπάντων

576 4248 628 4309 τ’
675 4247 956 4330 εὐσέβεια
1003 4247 1432 4329 (κεῦσέβειαῗ)
1479 4247 1753 4312 θνατῶν.
1810 4245 1905 4310 ΕΙ.
1948 4249 2094 4312 249.
2145 4246 2291 4311 Eur.
2341 4246 2556 4332 Suppl.
2608 4248 2752 4311 712.
2801 4248 3035 4332 οἴχεται

577 4334 652 4398 τὰ
700 4334 1058 4406 Παλλάδος.
1104 4335 1378 4420 Theogn.
1432 4335 1906 4400 1140—1142.

762 4425 906 4488 911.
953 4425 1173 4507 χώρας
1218 4424 1510 4509 ἄνακτες]
1569 4424 1661 4489 Cf.
1695 4423 1768 4489 Ο.
1801 4426 1866 4491 C.
1900 4425 2046 4492 831.
2096 4424 2153 4490 ὦ
2201 4431 2317 4510 γῆς
2361 4425 2641 4496 ἄνακτες.
2690 4425 2838 4490 Ant.
2890 4427 3037 4490 988.

587 4513 808 4597 Θήβης
853 4514 1129 4588 ἄνακτες.
1180 4514 1325 4579 940.
1373 4520 1437 4579 et
1476 4514 1557 4580 ad
1591 4514 1660 4577 Ο.
1695 4514 1761 4582 C.
1801 4517 1984 4582 1348.
2035 4517 2185 4580 Ant.
2220 4516 2366 4580 508.
2421 4515 2629 4589 Φθίας
2674 4515 3034 4600 κράντορες.
