3463 5287
641 374 775 439 246
1572 389 1827 436 nmmos
1872 387 2177 434 comum

824 550 1010 616 1446.
1056 548 1269 635 πᾶσιν]
1334 549 1421 614 In
1484 550 1611 614 the
1675 549 1996 632 opinion
2063 548 2139 612 of
2182 548 2300 611 all.
2367 546 2458 612 Cf.
2506 547 2655 611 Ant.
2706 547 2852 610 904.
2898 545 3103 609 καίτοι

642 642 714 707 σέ
759 640 816 724 γ’
863 638 933 705 εὖ
983 640 1226 723 ’τίμησα
1288 644 1417 710 τοῖς
1478 643 1828 722 φρονοῦσιν
1874 635 1962 703 εὖ.
2030 637 2100 702 Ο.
2132 636 2205 701 Β.
2252 638 2356 701 40.
2421 634 2479 701 ὦ
2524 637 2854 719 κράτιστον
2910 640 3105 700 πᾶσιν

652 729 924 795 Οἰδίπου
970 730 1055 793 κά
1145 777 1159 791 .

828 821 1016 885 1447.
1057 752 1172 883 Ξὲα
1217 818 1366 882 τάδε
1412 818 1637 882 νεόθεν
1681 815 1843 900 ἦλθε
1889 815 2008 900 --]
2057 815 2146 882 Cf.
2196 817 2343 880 Ant„
2391 815 2577 879 1266.
2626 816 2767 886 νέος
2810 815 2940 897 νέῳ
2986 813 3101 888 ξὺν

642 908 850 993 μόρῳ.
904 908 1048 972 156.
1095 908 1324 973 Aesoh.
1372 906 1582 971 Prom.
1632 908 1777 970 957.
1824 906 1970 971 νέον
2013 906 2143 970 νέοι
2187 911 2480 988 κρατεῖτε.

828 998 1015 1061 1450.
1062 998 1127 1060 εἴ
1160 1020 1213 1060 τι
1257 1002 1453 1080 μοῖρα
1497 996 1588 1079 μὴ
1621 994 1934 1079 κιγχάνει]
1983 994 2189 1059 Schol.
2236 996 2294 1058 εἰ
2326 994 2417 1078 μὴ
2450 993 2610 1057 κατὰ
2641 999 2876 1076 μοῖραν
2906 998 3099 1057 ταῦτα

645 1088 893 1170 πάσχω.
971 1085 1062 1151 Cf.
1119 1086 1345 1149 Aesoh.
1403 1084 1551 1149 ChO.
1610 1087 1757 1149 612.
1822 1085 2100 1167 κιγχάνει
2180 1084 2252 1148 δέ
2312 1108 2408 1148 νιν
2463 1083 2723 1166 Ἑρμῆς.
2791 1082 3099 1147 Simonid.

645 1177 744 1241 Fr.
795 1177 895 1240 91.
940 1173 1114 1259 μοῖρ’
1161 1176 1365 1258 ἔκιχεν
1408 1175 1710 1239 θανάτου.
1767 1174 2122 1239 Mimnerm.
2170 1170 2268 1236 Fr.
2318 1174 2375 1236 6.
2431 1173 2844 1256 ἑξηκονταέτη
2902 1179 3099 1254 μοῖρα

645 1267 811 1349 κίχοι
854 1265 1157 1329 θανάτου.
1206 1263 1400 1329 Solon
1445 1263 1542 1328 Fr.
1577 1266 1680 1346 22,
1712 1265 1771 1326 4.
1820 1263 2298 1346 ὀγδωκονταέτη
2344 1268 2539 1345 μοῖρα
2586 1264 2754 1345 κίχοι
2799 1262 3101 1325 θανάτου.

646 1354 834 1419 Hom.
880 1353 953 1418 Il.
1005 1354 1106 1436 11,
1152 1354 1300 1417 451.
1364 1353 1510 1437 φθῆ
1573 1377 1643 1418 σε
1705 1352 1879 1423 τέλος
1942 1352 2248 1417 θανάτοιο
2311 1354 2672 1435 κιχήμενον.
2747 1350 2973 1415 Blomf.
3023 1349 3104 1414 ad

647 1443 815 1528 Sept.
862 1444 966 1506 44.
1013 1442 1226 1507 Monk.
1274 1443 1354 1505 ad
1399 1442 1589 1527 Hipp.
1643 1444 1829 1506 1442.
1909 1439 2027 1518 Qu.
2075 1442 2139 1505 εἴ
2170 1465 2253 1524 με
2296 1448 2492 1524 μοῖρα
2538 1441 2629 1524 μὴ
2678 1441 2974 1523 κιγχάνει.

831 1533 1020 1595 1451.
1064 1531 1293 1616 μάταν]
1344 1530 1433 1594 Of.
1486 1531 1673 1595 1565.
1720 1530 1883 1594 Phil.
1925 1532 2070 1594 345.
2207 1530 2460 1613 ἀξίωμα
2511 1529 2863 1614 δαιμόνων]
2909 1530 3106 1594 Pur-

649 1640 827 1707 pose
874 1622 953 1685 of
989 1621 1114 1685 the
1160 1620 1360 1704 gods.
1440 1620 1529 1685 Cf.
1583 1621 1771 1683 1459.

833 1712 1002 1774 1452
1035 1729 1125 1793 sq.
1174 1709 1263 1774 Cf.
1310 1710 1412 1792 Aj.
1466 1710 1609 1774 131.
1655 1710 1864 1792 ἡμέρα
1912 1712 2007 1791 (ut
2048 1709 2155 1775 hio
2199 1707 2455 1792 χρόνος)
2500 1709 2692 1773 κλίνει
2738 1732 2800 1772 τε
2845 1708 3109 1790 κάνάγει

653 1800 840 1864 πάλιν
881 1801 890 1882 Ι
931 1801 1176 1864 ἅπαντα
1222 1799 1647 1882 τάνθρώπεια.

834 1891 1021 1953 1453.
1068 1888 1194 1972 ὁρᾷ
1256 1889 1380 1971 ὁρᾷ
1441 1887 1610 1952 ταῦτ’
1660 1887 1777 1972 -Ι
1854 1887 1940 1952 Cf.
2015 1888 2241 1953 Aesch.
2300 1887 2472 1953 Pers».
2534 1889 2677 1951 989.
2745 1887 2884 1969 ὁρῶ
2948 1887 3108 1969 δρῶ.

652 1979 836 2043 Eum.
886 1979 1033 2041 255.
1082 1978 1203 2060 ὅρα
1251 1978 1390 2060 ὅρα.

834 2069 1022 2131 1455.
1067 2067 1221 2149 παρ’
1268 2065 1445 2150 ἆμαρ
1495 2066 1610 2150 —J
1678 2066 1770 2131 Cf.
1823 2066 2009 2130 1567.
2057 2069 2156 2150 Aj.
2209 2067 2351 2129 131.
2407 2067 2501 2138 ὡς
2546 2067 2754 2149 ἡμέρα
2810 2065 3000 2130 κλίνει
3043 2090 3111 2129 τε

650 2157 910 2239 κάνάγει
954 2157 1141 2220 πάλιν
1181 2156 1191 2238 Ι
1231 2157 1475 2219 ἅπαντα
1522 2156 1947 2238 τάνθρώπεια.
2007 2158 2154 2219 475.
2199 2158 2258 2219 τί
2298 2155 2420 2239 γὰρ
2474 2158 2628 2239 παρ’
2673 2155 2851 2238 ἦμαρ
2898 2156 3109 2238 ἡμέρα

650 2247 895 2327 τέρπειν
940 2248 1097 2328 ἔχει,·
1161 2244 1260 2309 Fr.
1310 2247 1457 2327 234,
1509 2246 1565 2307 5.
1630 2245 1737 2309 εἴτ’
1784 2245 1961 2328 ἦμαρ
2025 2247 2200 2319 αὔξει
2261 2247 2500 2328 μέσσον
2546 2246 2848 2327 ὄμφακος
2891 2246 3110 2309 τύπον.

654 2333 724 2398 Ο.
758 2334 824 2399 C.
878 2335 1065 2398 1079.
1130 2335 1290 2397 τελεῖ
1346 2333 1510 2405 Ζεύς
1573 2358 1626 2396 τι
1690 2334 1829 2397 κατ’
1896 2333 2089 2417 ἆμαρ.
2155 2334 2305 2397 Eur.
2362 2333 2512 2398 Her.
2573 2335 2718 2397 610.
2785 2333 2938 2397 οὐδὲ
2999 2334 3111 2398 τὸν

653 2423 846 2487 αὐτὸν
892 2422 987 2487 ἀεὶ
1031 2424 1284 2506 βεβάνει
1331 2423 1536 2506 δόμον
1582 2424 1834 2505 εὐτυχίᾳ
1880 2426 2124 2506 (φημί)·
2170 2423 2345 2505 παρὰ
2395 2423 2453 2486 δ’
2486 2423 2681 2486 ἄλλαν
2711 2423 2866 2487 ἄλλα
2911 2429 3109 2505 μοῖρα

655 2513 895 2577 διώκει·
941 2511 1049 2575 τὸν
1093 2511 1212 2595 μὲν
1243 2511 1357 2594 ἀφ’
1388 2512 1662 2595 ὑψηλῶν
1690 2511 1939 2595 βραχὺν
1970 2515 2190 2595 ᾤκισε,
2223 2513 2334 2576 τὸν
2355 2512 2426 2575 “δ’·
2454 2514 2661 2576 ἀτίταν
2691 2511 3111 2595 (ἀτυχοῦντῬ)

653 2602 1000 2685 εὐδαίμονα
1046 2602 1261 2685 τεύχει.
1328 2601 1510 2666 Pind.
1560 2602 1626 2666 P.
1675 2601 1757 2666 II.
1807 2602 1908 2666 88.
1973 2601 2096 2685 χρὴ
2156 2601 2225 2667 δὲ
2278 2601 2443 2686 πρὸς
2488 2601 2644 2667 θεὸν
2701 2603 2822 2666 οὐκ
2869 2602 3112 2684 ἐρίζειν,

653 2694 726 2764 ὃς
771 2692 978 2774 ἀνέχει
1022 2692 1173 2756 ποτὲ
1217 2691 1337 2774 μὲν
1382 2691 1454 2755 τὰ
1486 2693 1734 2765 κείνων,
1779 2692 1903 2755 τότ’
1935 2691 2088 2755 αὔθ’
2134 2693 2364 2774 ἑτέροις
2409 2693 2653 2757 ἔδωκεν
2696 2694 2860 2775 μέγα
2892 2692 3111 2763 κῦδος.

652 2780 840 2845 Hom.
889 2780 1004 2845 Od.
1054 2783 1112 2860 2,
1160 2782 1307 2843 284.
1354 2781 1452 2844 ἐπ’
1500 2782 1689 2864 ἤματι
1735 2782 1973 2852 πάντας
2037 2781 2312 2845 ὀλέσθαι.
2379 2781 2450 2845 Il.
2508 2782 2604 2860 10,
2650 2784 2753 2844 48.
2817 2782 2915 2858 19,
2962 2782 3110 2844 229.

654 2869 803 2934 Eur.
852 2869 952 2933 Fr.
1004 2871 1150 2952 304,
1200 2871 1255 2933 5.
1301 2870 1494 2953 τύχας
1554 2870 1623 2934 δὲ
1668 2871 1927 2953 θνητῶν
1980 2871 2051 2934 τὸ
2096 2870 2216 2953 μὲν
2260 2869 2401 2954 μέγ’
2449 2873 2536 2942 εἷς
2592 2870 2781 2935 οὐδὲν
2828 2871 2866 2935 ὁ
2912 2871 3112 2941 πολὺς

653 2960 886 3042 χρόνος
929 2959 1285 3042 μεθίστησι,
1331 2959 1402 3023 τὸ
1450 2959 1520 3024 δὲ
1565 2966 1747 3042 μεῖον
1792 2961 2011 3033 αὔξων
2057 2961 2338 3040 (αὔξειΡ).
2386 2959 2485 3024 Fr.
2534 2961 2682 3043 415,
2716 2963 2773 3022 4.
2820 2966 2947 3030 τοῖς
2990 2960 3112 3043 μὲν

654 3050 906 3122 αὔξεται
950 3050 1114 3132 βίος,
1157 3050 1166 3128 Ι
1205 3054 1334 3112 τῶν
1381 3048 1450 3113 δὲ
1496 3049 1709 3130 φθίνει
1754 3073 1818 3113 τε
1870 3049 1978 3112 καὶ
2032 3049 2342 3132 θερίζεται
2389 3051 2781 3132 (μεθίσταται
2828 3056 2940 3114 aut
2982 3073 3109 3132 μα-

654 3139 1002 3221 ραίνεταιΡ)
1048 3138 1250 3202 πάλιν.
1299 3137 1398 3201 Fr.
1446 3139 1595 3220 420,
1632 3139 1688 3200 3.
1736 3138 1837 3220 μί’
1885 3137 2092 3221 ἡμέρα
2135 3141 2144 3220 Ι
2184 3139 2292 3202 τὸν
2335 3140 2455 3222 μὲν
2499 3139 2793 3203 καθεῖλεν
2838 3139 3110 3221 ὑψόθεν,

653 3227 762 3292 τὸν
811 3227 870 3290 δ’
917 3226 1019 3311 ἦρ’
1066 3229 1220 3292 ἅνω.
1269 3226 1366 3290 Fr.
1418 3228 1563 3306 916,
1613 3229 1668 3291 3.
1717 3225 1776 3292 ὦ
1821 3229 2242 3312 πολύμοχθος
2286 3229 2464 3311 βιοτά
2511 3230 2793 3312 θνητοῖς,
2836 3229 2844 3310 Ι
2886 3229 2980 3299 ὡς
3025 3266 3111 3274 -

653 3316 726 3379 τὰ
773 3315 892 3399 μὲν
937 3318 1171 3391 αὔξεις,
1217 3315 1291 3381 τὰ
1342 3317 1397 3381 δ’
1445 3317 1931 3399 ἀποφθινύθεις.
2086 3317 2325 3401 αὔξῶν]
2376 3318 2467 3382 Cf.
2522 3320 2708 3381 1567.
2756 3318 2942 3382 πάλιν
2988 3341 3112 3400 σφε

658 3405 907 3488 δαίμων
954 3406 1197 3477 δίκαιος
1242 3407 1442 3480 αὔξοι.
1489 3408 1638 3471 Ant.
1677 3408 1819 3470 191.
1865 3406 2038 3490 τήνδ’
2085 3409 2265 3480 αὔξω
2312 3407 2509 3471 πόλιν.
2558 3407 2708 3470 Eur.
2759 3407 2921 3470 Med.
2963 3408 3108 3471 936.

655 3501 829 3559 κεῖνα
876 3501 990 3559 νῦν
1036 3497 1212 3569 αὔξει
1256 3496 1426 3566 θεός.

838 3585 1027 3648 1457.
1071 3590 1217 3655 πῶς
1260 3586 1340 3647 ἂν
1386 3584 1534 3670 -—-,·]
1593 3584 1683 3649 Cf.
1733 3585 1923 3649 Arist.
1973 3585 2159 3669 Vesp.
2213 3585 2356 3648 166.
2402 3591 2546 3656 πῶς
2591 3587 2670 3649 ἄν
2716 3589 2771 3650 σ’
2821 3587 3108 3650 ἀποκτεί-

654 3696 1026 3827 va‘m'1458.
1071 3762 1185 3826 τὸν
1226 3763 1407 3827 πάντ’
1454 3762 1730 3848 ἄριστον]
1782 3761 1871 3827 cf.
1921 3765 2017 3846 Aj.
2056 3765 2242 3827 1415.
2288 3771 2381 3846 τῷ
2424 3764 2605 3827 πάντ’
2653 3765 2909 3848 ἀγαθῷ.
2964 3766 3109 3828 911.

657 3852 695 3916 ὁ
741 3852 943 3916 πάντα
989 3852 1245 3934 κωφὸς,
1292 3853 1329 3917 ὁ
1374 3852 1555 3916 πάντ’
1602 3852 1824 3935 ἄΐδρις.
1883 3851 1976 3916 ΕΙ.
2023 3854 2167 3916 301.
2216 3853 2451 3918 Cratin.
2492 3852 2574 3917 II.
2623 3856 2721 3917 15.
2777 3854 2886 3918 καὶ
2930 3854 3112 3918 παντ’

658 3941 893 4024 ἀρίστῳ
935 3950 1030 4025 τῷ
1075 3940 1503 4024 Πανελλήνων
1547 3943 1804 4025 πρόμῳ.
1940 3941 2159 4024 πόροι]
2207 3942 2256 4006 Ι.
2291 3962 2348 4024 q.
2396 3944 2738 4025 πορεύσειε.
2788 3943 2877 4008 Cf.
2922 3944 3109 4008 1476.

840 4032 1029 4095 1459.
1077 4030 1169 4095 Cf.
1221 4033 1335 4114 Ag.
1385 4033 1530 4095 272.
1578 4031 1616 4114 ἦ
1667 4032 1789 4114 γάρ
1833 4056 1888 4096 τι
1933 4030 2150 4095 πιστὸν
2196 4032 2318 4095 ἐστὶ
2362 4033 2565 4097 τῶνδέ
2611 4056 2710 4097 σοι
2755 4034 3031 4116 τέκμαρ,·

842 4121 1028 4184 1460.
1077 4119 1166 4184 Cf.
1220 4122 1406 4184 1502.
1453 4121 1712 4185 Hesiod.
1762 4119 1872 4205 Op.
1922 4121 2067 4184 676.
2117 4120 2264 4191 Διὸς
2309 4123 2558 4205 ὄμβρῳ.
2609 4122 2720 4185 Ph.
2766 4124 2911 4186 613.
2959 4122 3111 4186 Eur.

656 4209 754 4273 Fr.
808 4211 952 4272 132.
1016 4211 1178 4290 ἄγου
1246 4211 1318 4274 δέ
1378 4209 1467 4292 μ’,
1533 4208 1592 4274 ὦ
1657 4209 1801 4284 ξέν’,
1867 4211 1983 4274 εἴτε
2044 4210 2415 4292 πρόσπολον
2478 4212 2682 4282 θέλεις
2732 4212 2741 4296 Ι
2790 4212 2894 4275 εἴτ’
2960 4213 3108 4276 ἄλο-

657 4322 776 4381 χον
820 4298 947 4362 κτλ.
1005 4297 1155 4362 Eur.
1201 4298 1390 4364 Hero.
1443 4300 1539 4362 11.
1598 4299 1762 4382 ἡνίκ’
1810 4300 1895 4370 εἷς
1950 4298 2145 4382 ἐμοὺς
2184 4296 2195 4385 Ι
2237 4301 2482 4382 δόμους
2536 4301 2574 4363 ὁ
2629 4300 2872 4372 κλεινὸς
2909 4300 3109 4383 Ἡρα-

656 4388 813 4471 κλῆς
857 4412 954 4452 νιν
1000 4390 1201 4471 ἤγετο.
1257 4388 1491 4453 Herod.
1541 4389 1586 4452 I.
1639 4390 1783 4451 114.
1831 4388 2145 4472 ἀγόμενος
2189 4389 2298 4453 τὸν
2342 4390 2556 4454 παῖδα.
2726 4389 2968 4475 ἅξεται]
3018 4391 3111 4456 Cf.

657 4477 894 4542 Herod.
926 4477 1040 4542 ΙΙΙ.
1077 4480 1220 4542 125.
1268 4479 1401 4561 ἅμα
1449 4478 1764 4561 ἀγόμενος
1809 4479 2037 4550 ἄλλους
2081 4503 2147 4543 τε
2189 4479 2466 4551 πολλοὺς
2509 4484 2637 4544 τῶν
2684 4481 2950 4565 ἑταίρων
2984 4481 3111 4544 κτλ.
