3463 5287
1270 414 1523 459 ommes
1569 414 1878 459 commutis
2673 397 2798 459 201

337 574 578 657 χρόνος
639 573 909 644 παλαιὸς
971 573 1178 656 πατὴρ
1228 611 1310 620 —
1358 574 1620 656 ἁμερᾶν.
1668 573 1767 638 Fr.
1817 576 1966 638 245.
2030 575 2264 657 μυρίου
2321 576 2800 657 στρατεύματος.

334 664 602 727 Theocr.
657 664 766 744 16,
813 665 914 726 22.
960 664 1019 725 τί
1061 663 1131 727 δὲ
1176 662 1409 744 κέρδος
1453 664 1491 727 δ
1535 664 1766 746 μυρίος
1811 663 2032 727 ἔνδοθι
2077 663 2316 747 χρυσὸς
2355 664 2366 745 Ι
2405 665 2729 747 κείμενος,·

526 753 671 815 618.
716 750 1068 836 τεκνοῦται]
1136 751 1226 816 Cf.
1276 751 1424 815 Eur.
1471 752 1605 816 Ion.
1663 753 1846 815 1263.
1912 754 2094 836 νύχια
2141 752 2357 817 Χθὼν
2414 753 2802 818 ἐτεκνώσατο

338 841 626 924 φάσματ’
673 842 956 924 ὀνείρων.
1136 842 1368 912 νύκτας
1412 842 1656 925 ἡμέρας
1701 840 1782 926 τ’]
1832 841 1921 906 Cf.
1967 842 2158 907 Thuc.
2205 841 2288 906 ΙΙ.
2331 844 2433 906 97.
2478 844 2804 926 τεσσάρων

340 933 613 1014 ἡμερῶν
657 931 766 994 καὶ
797 932 954 995 ἴσων
983 935 1248 994 νυκτῶν.
1296 930 1391 994 ΕΙ.
1430 931 1616 994 1365.
1693 928 1799 994 Sic
1836 932 2007 1015 apud
2037 930 2374 997 Horatium
2427 932 2803 1016 ‘noctesque

338 1022 649 1104 diesque.²
725 1019 898 1084 Hinc
953 1020 1365 1103 νυχθήμερον
1422 1023 1586 1099 (non
1633 1021 2128 1103 ἥμερονύκτιον).
2206 1023 2583 1104 Antiquitus
2629 1023 2802 1087 enim

341 1111 484 1174 dies
550 1110 910 1194 vespertino
976 1113 1258 1193 tempore
1319 1110 1622 1174 inchoare
1685 1109 2189 1175 existimabatur.
2342 1110 2484 1196 ι’ὼν]
2550 1111 2636 1174 In
2703 1113 2803 1176 its

336 1218 629 1264 course.
707 1197 825 1276 Qu.
872 1200 1025 1269 ἴσας.

525 1289 670 1351 619.
720 1287 1111 1373 δεξιώματα]
1198 1289 1608 1352 Amicitiae
1683 1289 2016 1372 pignora
2114 1288 2204 1353 Of.
2279 1289 2428 1354 Eur.
2495 1287 2596 1354 Fr.
2653 1292 2801 1354 324.

335 1376 402 1442 ὦ
447 1377 673 1461 χρυσὲ,
740 1378 1022 1460 δεξίωμα
1086 1377 1414 1441 κάλλιπον
1475 1380 1746 1462 βροτοῖς.
1824 1377 2228 1442 Vocabulum
2284 1397 2602 1460 nusquam
2650 1378 2803 1443 alibi

337 1469 410 1531 in
458 1468 808 1549 Tragoedia
852 1472 1194 1551 repertum.

525 1557 671 1621 620.
720 1557 791 1620 ἐκ
839 1563 1115 1640 σμικροῦ
1146 1555 1373 1641 λόγου]
1423 1556 1515 1621 Of.
1554 1558 1704 1619 443.
1752 1557 1948 1627 ἔπους
1976 1563 2214 1639 μικροῦ
2260 1558 2460 1640 χάριν.
2508 1557 2621 1621 Ph.
2658 1558 2802 1621 731.

334 1647 398 1709 τί
427 1683 509 1692 —
545 1646 614 1720 ἐξ
660 1644 923 1716 οὐδενὸς
967 1646 1161 1729 λόγου
1208 1651 1487 1723 σιωπᾶς,·
1534 1647 1760 1711 Aesoh.
1794 1645 1944 1710 Cho.
1979 1647 2125 1710 508.
2172 1647 2245 1710 ἔκ
2277 1652 2551 1729 σμικροῦ
2589 1647 2801 1729 λόγου.

336 1734 494 1799 Eur.
542 1735 741 1800 Andr.
791 1737 937 1799 549.
1004 1736 1075 1799 ἐκ
1141 1736 1305 1806 τίνος
1376 1736 1571 1818 λόγου
1636 1735 1853 1819 νοσεῒΙ
1897 1734 2131 1818 δόμος,·
2197 1737 2387 1800 Arist.
2435 1736 2605 1801 Eccl.
2656 1738 2801 1799 731.

336 1824 534 1889 οῦδὲν
576 1823 742 1907 πρὸς
786 1826 956 1896 ἔπος.

525 1933 671 1995 621.
717 1930 827 2016 ἵν’]
893 1931 1069 2015 Ubi,
1136 1932 1458 2015 quando·
1537 1931 1626 1996 Cf.
1674 1932 1824 1995 405.
1871 1933 2019 1996 411.
2157 1931 2390 2017 εὕδων]
2455 1933 2503 1996 Ι.
2552 1953 2609 2016 q.
2665 1956 2800 1996 κοι-

334 2022 664 2104 μώμενος.
799 2021 1276 2107 κεκρυμμένος]
1325 2020 1414 2084 Cf.
1469 2022 1656 2084 1546.

524 2112 670 2174 622.
718 2110 967 2194 θερμὸν
1012 2111 1167 2193 αἷμα
1214 2109 1444 2195 πίεται]
1515 2110 1606 2175 Cf.
1656 2108 1726 2174 Ο.
1760 2110 1832 2174 Β..
1887 2111 2072 2174 1400.
2140 2111 2369 2176 Aesch.
2416 2110 2601 2176 Eum.
2651 2112 2798 2175 910.

332 2200 508 2284 μηδὲ
570 2205 801 2264 πιοῦσα
866 2200 1041 2271 κόνις
1102 2200 1302 2283 μέλαν
1365 2200 1522 2282 αἷμα
1586 2200 1846 2263 πολιτᾶν
1901 2205 2018 2265 etc.
2094 2199 2262 2284 Sept.
2314 2202 2460 2264 733.
2534 2200 2667 2265 ἐπεὶ
2717 2238 2798 2247 —-

334 2290 572 2373 χθονία
619 2289 794 2360 κόνις
837 2291 948 2373 πίῃ
995 2289 1404 2372 μελαμπαγὲς
1449 2289 1605 2371 αἷμα
1652 2291 1919 2372 φοίνιον.

523 2397 669 2458 623.
717 2397 754 2459 ὁ
800 2396 949 2468 Διὸς
1003 2395 1274 2479 Φοῖβος]
1342 2396 1431 2461 Cf.
1489 2397 1569 2459 ad
1626 2397 1723 2480 Aj.
1789 2397 1931 2459 172.
1998 2397 2147 2460 Eur.
2207 2397 2433 2461 Bacch.
2483 2399 2630 2460 859.
2694 2398 2805 2461 τὸν

336 2485 493 2557 Διὸς
538 2485 862 2549 Διόνυσον.
929 2486 1156 2550 Aesch.
1204 2485 1300 2550 Fr.
1351 2487 1498 2550 375.
1563 2486 1865 2568 ἐναγώνιε
1919 2485 2139 2556 Μαίας
2201 2486 2309 2550 καὶ
2373 2485 2523 2558 Διὸς
2576 2485 2802 2569 Ἑρμᾶ.

337 2574 740 2730 ἔεῖἰεζὼῖἑειω.
788 2575 936 2638 631.
992 2574 1298 2647 Διόνυσος
1343 2575 1507 2648 Διός.
1645 2573 1890 2660 σαφής]
1945 2576 1994 2639 Ι.
2042 2595 2096 2640 e.
2148 2576 2425 2660 ἀληθὴς,
2483 2581 2555 2640 ut
2601 2575 2802 2661 expli-

522 2771 669 2834 624.
716 2771 850 2836 ἀλλ’
897 2773 975 2837 οὗ
1022 2771 1144 2855 γὰρ
1196 2772 1310 2856 -]
1359 2773 1448 2838 Cf.
1499 2774 1643 2836 755.
1781 2774 1901 2857 ἔπη
1948 2772 2253 2857 τάκίνητ’]
2303 2773 2391 2838 Cf.
2425 2775 2573 2836 Ant.
2614 2774 2802 2838 1060.

337 2863 549 2943 ὄρσεις
578 2886 661 2944 με
690 2862 984 2945 τάκίνητα
1018 2862 1120 2925 διὰ
1159 2867 1419 2945 φρενῶν
1450 2863 1525 2942 (Ρ)
1557 2863 1814 2945 φράσαι.
1901 2862 2079 2926 Infra
2116 2863 2302 2926 1526.
2350 2865 2392 2927 ἃ
2426 2862 2482 2925 δ’
2516 2863 2801 2945 ἐξάγιστα

336 2950 510 3035 μηδὲ
555 2957 804 3015 κινεῖται
850 2951 1042 3034 λόγῳ.

523 3041 668 3103 626.
718 3040 1158 3126 διασκεδῶσιν]
1221 3041 1424 3124 They
1489 3042 1646 3105 will
1712 3046 1994 3105 scatter
2058 3047 2128 3105 to
2196 3042 2321 3105 the
2375 3042 2634 3105 windS.
2713 3040 2801 3106 Cf.

344 3132 492 3194 Ant.
542 3131 687 3193 287.
734 3130 842 3193 καὶ
889 3137 1006 3213 γῆν
1050 3132 1314 3194 ἐκείνων
1358 3130 1466 3194 καὶ
1511 3131 1755 3213 νόμους
1802 3131 2174 3195 διασκεδῶν.

523 3238 667 3300 627.
716 3236 1054 3322 οἷκητῆρα]
1105 3236 1194 3300 Cf.
1242 3239 1322 3301 ad
1370 3239 1601 3303 Aesch.
1650 3240 1816 3321 sept.
1870 3238 1968 3302 19.

523 3327 667 3391 632.
718 3327 1060 3409 δορύξενος
1107 3364 1189 3372 -
1238 3327 1435 3413 ἑστία]
1485 3327 1577 3392 Cf.
1628 3328 1854 3393 Aesoh.
1902 3326 2051 3391 Cho.
2086 3328 2231 3390 914.
2279 3329 2451 3391 οὗτοι
2499 3330 2555 3391 σ’
2603 3328 2798 3410 ἀπέρ-

340 3415 481 3499 ριψ’
528 3416 592 3486 ἐς
639 3415 884 3498 δόμους
931 3416 1331 3498 δορυξένους.

522 3505 669 3567 636.
717 3504 1063 3590 σεβισθεὶς]
1113 3505 1285 3569 Alibi
1319 3506 1660 3590 Sophocles
1706 3508 1980 3570 activam
2027 3504 2295 3569 formam
2341 3505 2615 3571 exhibet„
2694 3505 2801 3569 Sic

348 3594 534 3657 1007.
582 3593 779 3664 θεοὺς
826 3632 908 3640 -
957 3596 1235 3678 σεβίζειν.
1307 3596 1496 3658 1557.
1560 3596 1710 3659 Ant.
1761 3596 1906 3658 943.
1985 3594 2197 3660 Media
2261 3595 2463 3658 forma
2527 3597 2804 3659 occurrit

343 3682 569 3747 Aesch.
617 3681 832 3768 Suppl.
881 3686 1029 3747 815.
1079 3686 1224 3748 922.
1273 3684 1423 3749 Cho.
1472 3686 1618 3747 912.

521 3791 649 3854 638
682 3810 772 3875 sq.
822 3789 910 3855 Cf.
943 3791 1131 3854 Hom.
1164 3791 1235 3856 Il.
1275 3793 1330 3873 l,
1366 3792 1490 3854 135
1513 3812 1604 3875 sq.
1650 3765 1847 3855 Thuc.
1879 3791 1995 3855 ΠΙ.
2029 3793 2085 3855 3.
2132 3791 2266 3866 καὶ,
2314 3794 2393 3874 ἢν
2421 3791 2542 3874 μὲν
2589 3794 2803 3876 ξυμβῇ

342 3881 380 3962 ἥ
428 3885 641 3961 πεῖρα·
698 3881 757 3944 εἰ
808 3880 877 3944 δὲ
921 3880 1042 3963 μὴ,
1108 3880 1557 3964 Μυτιληναίοις
1603 3882 1794 3945 εἰπεῖν
1840 3887 1954 3946 etc.
2011 3881 2204 3945 Arist.
2253 3881 2345 3946 Pl.
2394 3882 2524 3944 468
2557 3901 2647 3963 sq.
2693 3882 2803 3945 Th.

343 3970 470 4032 536
504 3989 596 4052 sq.
665 3968 833 4034 Men.
889 3969 1001 4032 IV.
1051 3970 1196 4033 266.
1273 3971 1331 4034 εί
1386 3969 1508 4053 μὲν
1578 3970 1656 4054 δή
1721 3993 1854 4034 τινα
1918 3970 2126 4052 πόρον
2190 3972 2375 4054 ἔχεις·
2440 3971 2499 4034 εί
2557 3970 2627 4034 δὲ
2689 3969 2801 4053 μὴ,

338 4057 592 4140 νενόηκ’
658 4059 804 4141 ἐγώ.
870 4058 1028 4123 Plat.
1076 4079 1238 4123 com.
1284 4059 1364 4123 II.
1414 4060 1562 4122 621.
1628 4060 1686 4123 εί
1742 4060 1862 4142 μέν
1927 4084 2028 4124 σοι
2090 4059 2203 4142 τὴν
2267 4059 2583 4123 θάλατταν
2639 4060 2801 4123 ἀπο-

342 4148 534 4211 δώσει
579 4148 775 4212 ἑκών·
824 4149 882 4212 εί
924 4148 994 4212 δὲ
1038 4149 1159 4231 μὴ,
1206 4150 1408 4212 πάντα
1455 4154 1645 4212 ταῦτα
1693 4154 2105 4231 συντριαινῶν
2151 4149 2449 4212 ἀπολέσω
2490 4149 2717 4230 (ἐξολῶ
2730 4149 2802 4228 Ρ).

341 4234 529 4321 Soph.
560 4237 659 4301 Fr.
694 4237 841 4300 420.
889 4239 948 4302 εἰ
985 4239 1105 4320 μέν
1156 4262 1244 4309 τις
1292 4236 1408 4302 οὖν
1453 4240 1698 4312 ἔξεισιν·
1767 4239 1825 4302 εί
1867 4238 1936 4302 δὲ
1988 4238 2112 4321 μὴ,
2178 4239 2331 4320 λέγε.
2399 4238 2555 4303 Plat.
2605 4237 2801 4301 Conv.

339 4346 396 4409 p.
447 4326 593 4389 320.
659 4326 771 4390 ἐὰν
831 4328 952 4409 μέν
1015 4350 1114 4391 σοι
1161 4327 1352 4410 ἐθέλῃ
1409 4365 1485 4373 —-
1533 4328 1854 4392 παύεσθαι
1901 4329 1939 4410 ἥ
1987 4328 2166 4408 λύγξ·
2230 4328 2288 4390 εἰ
2339 4326 2409 4391 δὲ
2455 4327 2576 4410 μὴ»
2623 4327 2802 4390 ὕδατι

341 4415 902 4498 ἀνακογχυλίασον.
952 4422 1016 4480 et
1046 4416 1431 4480 cantilenam
1465 4417 1632 4501 apud
1668 4418 1894 4480 Athen.
1915 4416 2093 4480 VIII.
2123 4436 2175 4480 c.
2202 4417 2299 4479 15.
2349 4417 2407 4480 εί
2428 4418 2549 4499 μέν
2585 4440 2638 4479 τι
2672 4416 2800 4480 δώ-

341 4525 491 4574 σεις·
540 4505 598 4568 εἰ
639 4504 709 4569 δὲ
754 4505 876 4587 μὴ,
925 4506 1046 4569 οὐκ
1094 4506 1393 4587 ἕάσομον.
