3463 5287
1362 434 1613 482 ommis
1657 435 1784 481 max
2669 420 2799 485 295

342 592 699 665 κοινωνοὺς
742 594 1111 677 πεποίησθε.
1160 593 1355 658 Arist.
1389 593 1576 678 Vesp.
1612 593 1759 659 917.
1807 594 1998 659 οὐδὲν
2040 596 2402 679 μετέδωκεν
2414 622 2436 673 ,·
2485 597 2616 661 ΞΑ.
2650 598 2802 664 οῦδὲ

342 690 436 767 τῷ
497 690 698 766 κοινῷ
766 682 824 765 γ’
894 683 1052 765 ἐμοί.
1126 684 1351 747 Aesoh.
1408 684 1529 768 Ag.
1593 684 1782 747 1037.
1856 685 2171 750 κοινωνὸν
2243 685 2399 751 εἶναι
2472 689 2802 771 χερνίβων.

430 773 588 855 μήτε
632 773 927 856 χέρνιβας
971 772 1203 855 νέμειν]
1255 773 1500 838 Usitata
1547 773 2020 838 interfectorum
2077 793 2298 858 poena.
2342 777 2569 841 Aesch.
2617 776 2800 840 Eum.

344 862 492 925 626.
537 860 690 925 Eur.
741 860 845 926 Or.
884 862 1071 925 1601.
1118 860 1188 926 εὗ
1236 868 1392 944 γοῦν
1436 862 1643 944 θίγοις
1688 864 1769 926 ἂν
1812 864 2142 947 χερνίβων.
2222 864 2312 929 Cf.
2353 866 2582 931 Aesoh.
2616 866 2800 930 Eum.

345 952 491 1014 655.
537 953 771 1015 ποίοισι
815 952 1067 1034 βωμοῖς
1110 952 1447 1034 χρώμενος
1490 957 1619 1023 τοῖς
1666 951 1949 1036 δημίοις,·
1991 955 2000 1032 Ι
2039 954 2191 1017 ποία
2241 954 2310 1019 δὲ
2355 955 2583 1037 χέρνιψ
2630 978 2799 1038 φρα-

340 1041 552 1123 τόρων
596 1040 1042 1123 προσδέξεται,·
1098 1040 1303 1105 Draco
1353 1040 1543 1124 (apud
1590 1040 1914 1106 Demosth.
1962 1062 2020 1127 p.
2070 1044 2216 1121 505,
2269 1044 2390 1122 14.)
2428 1042 2611 1126 jubet
2653 1069 2799 1127 χερ-

341 1130 540 1213 νίβων
573 1130 890 1212 εἴργεσθαι
919 1128 1030 1193 τὸν
1060 1129 1487 1212 ἀνδροφόνον,
1529 1130 1848 1203 σπονδῶν,
1880 1133 2240 1214 κρατήρων,
2287 1133 2496 1215 ἱερῶν,
2544 1134 2800 1216 ἀγορᾶς.

344 1221 492 1301 618,
527 1222 581 1283 7.
630 1219 982 1301 Singularis
1025 1220 1253 1302 χέρνιψ
1300 1220 1579 1284 occurrit
1608 1218 1708 1282 Fr.
1743 1221 1887 1284 708.
1922 1219 2070 1283 Eur.
2100 1221 2238 1285 Alc.
2265 1220 2408 1285 100.
2441 1222 2631 1286 Herc.
2655 1224 2800 1286 929.

522 1309 668 1371 241.
717 1308 914 1372 ὠθεῖν
960 1307 1020 1372 δ’
1067 1309 1176 1371 ἀπ’
1224 1307 1446 1393 οἴκων]
1515 1307 1754 1373 Eadem
1822 1308 2018 1374 verba
2064 1310 2211 1374 819.
2300 1308 2534 1395 Supple
2598 1312 2800 1376 αὐδῶ.

343 1397 433 1462 Of.
480 1397 577 1461 ΕΙ.
627 1399 727 1461 72.
785 1399 930 1460 435.
990 1397 1136 1460 650.
1212 1397 1281 1462 Ο.
1317 1396 1381 1461 O.
1430 1398 1577 1462 405.
1641 1398 1829 1461 1404.
1904 1399 2004 1481 Aj.
2066 1400 2254 1462 1035.
2325 1399 2422 1463 Tr.
2483 1401 2583 1464 95.
2650 1400 2801 1464 Eur.

343 1486 581 1552 Phoen.
634 1487 824 1550 1232.
870 1489 941 1550 αἲ
980 1487 1071 1549 αἴ·
1125 1488 1184 1549 τί
1221 1487 1294 1570 μ’
1341 1487 1463 1550 οὐκ
1518 1488 1734 1558 εἴασας
1792 1487 1863 1561 ἐξ
1907 1488 2249 1570 εὐαγγέλου
2291 1487 2299 1571 Ι
2340 1490 2564 1573 φήμης
2609 1490 2799 1554 ἀπελ-

342 1576 499 1650 θεῖν,
557 1575 712 1639 ἀλλὰ
767 1582 1044 1659 μηνῦσαι
1098 1576 1269 1640 κακά
1316 1575 1477 1659 (sub.
1524 1576 1930 1660 ἠνάγκασας).
1988 1578 2182 1642 Arist.
2230 1575 2399 1642 Nub.
2456 1580 2639 1642 1483.
2688 1579 2798 1661 ὀρ-

341 1665 486 1736 θῶς
530 1671 852 1748 παραινεῖς
898 1666 1019 1729 οὐκ
1066 1666 1194 1729 ἐῶν
1240 1664 1669 1748 δικορραφεῖν,
1712 1665 1721 1749 Ι
1763 1663 1895 1729 ἀλλ’
1940 1666 2033 1737 ὡς
2082 1667 2315 1750 τάχιστ’
2362 1667 2800 1750 ἐμπιμπράναι

341 1754 453 1837 τὴν
499 1755 718 1818 οἰκίαν.
767 1753 999 1819 Herod.
1033 1753 1176 1818 VH.
1215 1755 1357 1818 104.
1404 1755 1441 1818 ὁ
1487 1754 1688 1836 νόμος
1720 1792 1804 1802 -
1836 1755 1959 1819 οὐκ
2004 1756 2132 1819 ἐῶν
2178 1756 2434 1839 φεύγειν
2481 1793 2594 1830 -,
2643 1756 2799 1821 ἀλλὰ

341 1845 648 1926 μένοντας
678 1844 746 1907 ἐν
782 1850 858 1927 τῇ
907 1845 1040 1922 τάξι
1072 1844 1455 1926 ἐπικρατέειν
1486 1847 1525 1926 ἢ
1559 1844 1956 1908 ἀπόλλυσθαι
1990 1851 2095 1924 (so.
2129 1846 2451 1924 κελεύων).
2488 1845 2627 1910 VII.
2656 1848 2799 1910 143.

339 1932 531 1997 Thuo.
579 1931 688 1996 IV.
739 1934 796 1996 9.
843 1932 1030 1998 Hom.
1078 1932 1151 1996 ΙΙ.
1201 1934 1258 2015 5,
1309 1934 1454 1996 819.
1513 1933 1691 1998 Paul.
1746 1933 1941 2017 Epist.
1988 1934 2037 1997 I.
2083 1934 2237 1998 Tim.
2288 1937 2346 1998 4.
2395 1936 2452 1998 3.
2510 1935 2797 1999 κωλυόν-

340 2046 470 2087 των
516 2028 755 2104 γαμεῖν,
803 2021 1153 2105 ἀπέχεσθαι
1196 2022 1566 2105 βρωμάτων
1612 2021 1772 2102 (sub.
1819 2022 2228 2103 κελευόντων)
2274 2023 2402 2087 κτλ.

522 2113 667 2174 242.
713 2111 921 2196 τοῦδ’]
971 2110 1069 2175 Se.
1113 2110 1364 2193 ἀνδρός.
1431 2110 1520 2175 Of.
1555 2112 1701 2174 353.
1837 2110 1908 2175 τὸ
1939 2110 2242 2176 Πυθικὸν
2273 2113 2434 2176 θεοῦ
2478 2113 2796 2199 μαντεῖον]

343 2200 432 2265 Cf.
479 2200 575 2264 ΕΙ.
626 2202 727 2264 32.
773 2200 965 2264 Arist.
1012 2200 1129 2284 Eq.
1180 2201 1325 2264 220.
1390 2201 1673 2283 χρησμοί
1727 2224 1794 2265 τε
1858 2202 2276 2284 συμβαίνουσι
2347 2200 2455 2265 καὶ
2518 2201 2589 2266 τὸ
2655 2201 2797 2266 Πυ-

341 2289 547 2354 θικόν.
624 2288 796 2353 Infra
847 2291 991 2353 965.
1038 2291 1151 2374 τὴν
1197 2288 1618 2372 Πυθόμαντιν
1662 2290 1884 2354 ἑστίαν.
2810 2333 2815 2338 ⁴

522 2380 668 2443 243.
716 2376 1039 2465 ἐξέφηνεν]
1105 2378 1390 2443 Verbum
1455 2379 1785 2463 proprium
1858 2381 1926 2442 in
2001 2381 2119 2444 hac
2181 2400 2272 2446 re.
2350 2379 2427 2443 V.
2482 2380 2652 2463 Tyrt.
2702 2381 2800 2445 Fr.

343 2469 553 2548 4,10.
610 2468 847 2551 Φοῖβος
894 2506 977 2515 -
1025 2465 1146 2533 ὧδ’
1203 2468 1478 2551 ἀνέφηνε
1539 2468 1734 2534 πόλει.
1799 2469 2008 2552 Apoll.
2055 2469 2256 2534 Rhod.
2304 2469 2386 2534 II.
2438 2470 2582 2533 315.
2629 2468 2797 2536 Xen-

340 2518 508 2624 H'ell.
555 2557 666 2621 VI.
715 2558 772 2621 4.
815 2560 871 2621 7.
919 2556 1083 2621 Plut„
1117 2557 1303 2641 Agid.
1340 2558 1397 2639 9,
1432 2560 1489 2620 2.
1537 2557 1781 2622 Camill.
1829 2560 1888 2640 4,
1936 2559 1992 2621 3.
2041 2559 2365 2623 Heliodor.
2412 2559 2587 2623 VIII.
2642 2561 2740 2622 11.

521 2649 808 2730 244.τῷ
849 2672 915 2712 τε
961 2647 1211 2730 δαίμονι
1261 2685 1344 2694 -
1391 2648 1733 2731 σύμμαχος
1777 2609 1986 2733 πέλω]
2036 2647 2122 2713 Cf.
2171 2649 2266 2712 ΕΙ.
2314 2650 2502 2713 1306.
2551 2650 2629 2714 οὐ
2677 2649 2799 2733 γὰρ

340 2740 422 2802 ἂν
466 2738 682 2808 καλῶς
723 2737 731 2821 Ι
771 2738 1150 2821 ὑπηρετοίην
1193 2745 1287 2820 τῷ
1330 2737 1592 2820 παρόντι
1641 2738 1910 2820 δαίμονι.

521 2829 667 2891 245.
713 2835 806 2910 τῷ·
850 2827 1109 2891 θανόντι
1156 2825 1526 2910 σύμμαχος]
1575 2825 1679 2891 Sic
1719 2826 2009 2892 Socrates
2052 2827 2292 2911 βοηθεῖ
2327 2836 2422 2911 τῷ
2451 2828 2594 2911 θεῷ
2639 2826 2799 2892 Plat.

340 2918 402 2981 A
447 2916 524 2981 ol.
575 2918 659 2980 23
697 2917 764 2980 B.

405 2936 444 3001 p
520 3007 667 3070 248.
714 3004 920 3069 κακὸν
965 3010 1190 3076 κακῶς
1237 3004 1353 3089 -]
1403 3003 1490 3069 Of.
1543 3006 1731 3069 1353.
1780 3003 1857 3069 σὺ
1905 3004 1982 3079 δ’,
2038 3005 2258 3089 ῶσπερ
2305 3004 2500 3079 εἰκὸς,
2555 3006 2797 3071 κατθα-

341 3102 438 3160 νεῖ
472 3094 676 3166 κακὸς
720 3100 959 3165 κακῶς.
1005 3094 1157 3158 Eur.
1192 3094 1355 3158 Med.
1391 3095 1537 3158 787.
1583 3094 1794 3178 κακὴν
1828 3100 2052 3165 κακῶς
2091 3096 2100 3176 Ι
2140 3096 2362 3159 θανεῖν
2391 3095 2501 3178 σφ’
2534 3095 2798 3179 ἀνάγκη.

341 3187 439 3268 Aj.
492 3185 678 3248 1391.
726 3183 969 3254 κακοὺς
1013 3189 1237 3255 κακῶς
1284 3221 1368 3229 -
1415 3184 1759 3266 φθείρειαν.
1904 3183 2022 3268 νιν]
2069 3182 2225 3248 Post
2268 3183 2378 3248 τὸν
2424 3183 2798 3266 δεδρακότα.

345 3272 429 3337 Of.
475 3273 572 3337 Tr.
624 3274 771 3337 287.
822 3273 892 3337 Ο.
927 3272 992 3337 C.
1052 3273 1233 3336 1191.
1280 3271 1375 3336 ΕΙ.
1431 3273 1617 3336 1364.
1664 3272 1860 3337 Arist-
1899 3272 1991 3336 Pl.
2032 3273 2173 3337 149.
2220 3273 2329 3336 καὶ
2371 3273 2482 3343 τάς
2533 3272 2590 3355 γ’
2638 3273 2796 3336 ἑταί-

340 3386 459 3446 ρας
502 3363 658 3445 φασὶ
690 3400 773 3409 -
805 3362 916 3426 τὸν
960 3361 1262 3444 πρωκτὸν
1306 3361 1501 3432 αὗτὰς
1538 3360 1736 3432 εὐθὺς
1767 3361 1860 3433 ὡς
1888 3368 2114 3426 τοῦτου
2145 3363 2406 3444 τρέπειν.
2543 3362 2797 3444 ὅμορον

341 3454 630 3534 ἐκτρῖψαι
674 3452 818 3535 βίον
849 3471 994 3515 mss.
1045 3451 1187 3535 Leg.
1231 3451 1559 3534 δύσμορον
1587 3456 1804 3533 τρῖψαι
1848 3451 2006 3535 βίον.
2084 3451 2174 3516 Cf.
2206 3452 2301 3515 El.
2336 3450 2482 3514 602.
2518 3451 2797 3535 δυστυχῆ

340 3542 530 3625 τρίβει
582 3542 741 3624 βίον.
797 3541 989 3605 Arist.
1038 3539 1130 3604 Pl.
1181 3542 1326 3604 526.
1383 3540 1850 3623 ὀδυνηρότερον
1904 3541 2141 3623 τρίψεις
2193 3541 2407 3624 βίοτον
2462 3540 2627 3604 πολὺ
2683 3546 2796 3604 τοῦ

341 3637 470 3695 νῦν.
533 3630 737 3695 Diool.
786 3649 944 3694 com.
996 3631 1095 3692 14.
1159 3630 1316 3713 μηδ’
1381 3629 1703 3713 ἀγόμφιόν
1767 3630 1968 3711 ποτεΙ
2020 3631 2222 3693 αἰῶνα
2286 3630 2505 3712 τρίψει.
2572 3628 2796 3713 Eupol.

341 3719 455 3784 III.
503 3720 649 3783 440.
713 3720 856 3803 βίον
918 3719 1012 3790 ὡς
1072 3718 1416 3803 μοχθηρὸν
1478 3720 1727 3802 ἔτριβες.
1909 3717 2203 3802 κάθέως]
2266 3719 2430 3783 And
2475 3720 2802 3783 without

343 3809 469 3875 the
536 3808 706 3893 help
773 3809 853 3872 of
912 3809 1034 3873 the
1089 3807 1291 3893 gods.
1340 3808 1435 3872 ΘΙ.
1474 3808 1539 3871 Β.
1597 3809 1830 3879 ἀθέως.
1879 3810 2007 3882 ἔξω
2053 3815 2162 3892 τῆς
2206 3809 2384 3872 θεῶν
2431 3808 2798 3890 ἐπιμελείας.

344 3897 435 3963 Cf.
471 3899 616 3962 661.
663 3898 860 3969 ἄθεος
905 3897 1147 3981 ἄφιλος.
1192 3898 1289 3962 ΕΙ.
1326 3898 1514 3961 1181.
1561 3895 1620 3961 ὦ
1666 3896 1836 3981 σῶμ’
1884 3898 2123 3981 ἀτίμως
2159 3897 2420 3968 κάθέως
2465 3897 2797 3979 ἐφθαρμέ-

344 4010 472 4052 νον.
553 3988 694 4050 123.
770 3988 1101 4052 ἀθεώτατα
1162 4023 1243 4034 —
1302 3987 1507 4051 ἁλόντ’
1554 3987 1837 4058 ἀπάταις.
1888 3987 2146 4070 Antiph.
2193 3986 2336 4050 VII.
2386 3986 2532 4049 616.
2581 3987 2800 4057 ἀθέως

342 4078 450 4141 καὶ
496 4077 743 4147 ἀκλεῶς
772 4113 863 4123 -
891 4078 999 4141 τὸν
1042 4077 1185 4160 βίον
1230 4077 1522 4140 ἐκλιπών.

522 4168 669 4230 249.
718 4166 1065 4249 ἐπεύχομαι
1114 4204 1198 4214 —
1245 4165 1499 4250 παθεῖν]
1577 4164 1670 4229 Cf.
1716 4165 1815 4229 Tr.
1869 4166 1967 4228 16.
2043 4165 2137 4229 ἀεὶ
2201 4165 2541 4228 κατθανεῖν
2605 4164 2798 4246 ἐπηυ-

341 4256 568 4340 χόμην.
706 4255 845 4319 οὐδ’
893 4257 951 4319 εἰ
992 4254 1114 4338 γὰρ
1163 4254 1279 4339 -]
1340 4253 1521 4319 Metri
1573 4256 1946 4319 necessitate
1994 4255 2269 4338 positum
2317 4273 2429 4338 pro
2478 4253 2631 4317 οὐδὲ
2678 4252 2800 4335 γὰρ

342 4346 400 4408 εἰ
439 4347 584 4427 (for
646 4353 776 4409 not
840 4364 1030 4411 even
1092 4344 1181 4422 if)
1233 4350 1340 4407 -‘-.
1418 4343 1508 4408 Cf.
1557 4343 1668 4408 Ph.
1717 4344 1820 4407 66.
1886 4344 1944 4407 εἶ
1994 4343 2050 4406 δ’
2098 4342 2345 4424 ἐργάσει
2386 4341 2395 4424 Ι
2434 4341 2526 4425 μὴ
2589 4347 2799 4405 ταῦτα.

344 4434 438 4498 ΕΙ.
490 4436 634 4498 992.
681 4435 740 4497 εἰ
779 4439 1038 4517 φρενῶν
1078 4433 1086 4517 Ι
1129 4433 1414 4516 ἐτύγχαν’
1460 4434 1616 4515 αὕτη
1663 4432 1756 4517 μὴ
1804 4437 2047 4496 κακῶν.
2125 4430 2231 4494 Sic
2277 4432 2466 4495 etiam
2513 4431 2577 4494 εἴ
2609 4455 2663 4494 τι
2707 4430 2798 4514 μὴ

344 4560 426 4573 -—-
475 4524 839 4608 ἐπρασσετο.
911 4525 1054 4587 124.
1119 4523 1340 4607 ὥσπερ
1394 4547 1483 4595 τις
1528 4524 1592 4589 εἴ
1627 4545 1726 4589 σοι
1778 4559 1858 4568 -
1902 4520 2110 4606 μηδὲν
2166 4520 2391 4606 διδοίη.
2443 4517 2601 4585 O.C.
2654 4520 2799 4585 776.
