3463 5287
626 402 756 466 278
1644 418 1896 465 omu’us
1941 418 2065 463 mex

623 606 676 645 τι
723 580 1033 664 εὐτυχέειν
1076 583 1205 643 τῶν
1244 579 1655 663 πρηγμάτων.
1702 579 1817 643 ΠΙ.
1864 580 1968 642 43.
2016 579 2325 663 εὐτυχέειν
2368 602 2442 642 τα
2489 578 2708 643 πάντα.
2757 577 2900 641 VII.
2940 578 3095 643 190.

623 670 812 734 τᾶλλα
859 671 981 735 οὐκ
1028 670 1358 753 εὐτυχέων.
1408 668 1552 733 VII.
1602 670 1747 732 232.
1805 669 1884 732 οὐ
1945 669 2149 753 μέντοι
2203 669 2276 732 τά
2334 692 2405 750 γε
2456 669 2658 732 πάντα
2716 668 3095 751 εὐτύχησαν.

625 758 938 824 V111.6o.
1003 760 1203 841 ἤνπερ
1267 758 1376 822 καὶ
1436 758 1510 821 τὰ
1575 758 1729 822 ἄλλα
1787 759 2248 841 εὐτυχήσωμεν.
2298 756 2474 822 VIII.
2512 758 2657 822 105.
2716 758 2794 821 οὐ
2842 756 2965 839 γὰρ
3009 757 3093 821 τὰ

623 849 826 912 πάντα
883 848 1230 931 ἐδυστύχεε.
1286 846 1466 912 Dem.
1512 869 1569 931 p.
1623 848 1810 911 1466.
1865 870 1957 930 τῳ
2002 848 2205 911 πάντα
2252 848 2636 929 κατορθοῦν.
2695 844 2956 911 Lucian.
3004 847 3093 911 de

624 958 707 1001 m.
740 958 791 1001 c.
831 939 927 1001 12.
975 937 1303 1020 ἔντύχηταί
1343 960 1442 1001 σοι
1485 938 1689 1000 πάντα
1737 943 1846 1020 τῆς
1893 938 2083 1020 εὐχῆς
2126 937 2456 1019 μειζόνως.
2506 936 2732 1001 Athen.
2764 935 2879 1000 111.
2909 935 3091 999 771⁴).

624 1027 732 1091 καὶ
776 1028 1111 1111 εὐτυχῆσαι
1155 1027 1357 1090 πάντα
1413 1025 1740 1090 Φίλιππον.
1787 1026 1976 1090 Thue.
2024 1025 2138 1091 III.
2190 1027 2290 1090 39.
2340 1029 2397 1089 4.

808 1117 909 1180 89.
955 1115 1223 1200 τοῦπος]
1274 1115 1532 1180 Oraouli
1581 1116 1841 1179 dictum.
1919 1115 2007 1181 Cf.
2054 1115 2151 1179 Tr.
2200 1117 2347 1180 822.
2402 1115 2638 1186 τοῦπος
2683 1113 2754 1178 τὸ
2800 1115 3087 1198 θεοπρό-

624 1230 750 1270 “⁰²⁹
796 1205 924 1376 {III
954 1310 1086 1377 οὔτ’
1134 1310 1271 1396 οὖν]
1326 1311 1416 1376 Cf.
1465 1312 1535 1377 Ο.
1571 1311 1636 1376 Ο.
1689 1312 1878 1376 1135.
1926 1312 2047 1376 οὐκ
2098 1350 2178 1358 -—-
2229 1311 2369 1375 οὐδ’
2416 1308 2533 1375 σύν
2579 1349 2689 1374 -.
2826 1311 3085 1393 προδεί-

626 1425 742 1473 σας
790 1401 944 1486 εἰμὶ]
995 1399 1083 1464 Cf.
1130 1401 1282 1464 Ant.
1336 1402 1522 1465 1067.
1570 1400 1861 1472 ἀντιδοὺς
1906 1403 2046 1466 ἔσει.

805 1492 907 1554 91.
956 1491 1013 1554 εἰ
1056 1528 1138 1536 -
1187 1491 1334 1572 εἴτε]
1383 1490 1472 1555 Cf.
1507 1489 1577 1554 Ο.
1612 1489 1676 1553 C.
1710 1492 1840 1555 638
1873 1510 1964 1573 sq.
2013 1492 2240 1555 Aesch.
2274 1489 2424 1555 Cho.
2461 1490 2606 1553 768.
2654 1491 2711 1554 εἰ
2752 1489 2868 1564 ξὺν
2913 1490 3082 1572 λοχί-

624 1604 756 1651 ταις
811 1581 928 1644 εἴτε
982 1579 1090 1643 καὶ
1142 1580 1522 1663 μονοστιβῆ,·
1572 1581 1688 1663 Ag.
1731 1580 1878 1643 816.
1928 1579 2144 1663 Suppl.
2184 1581 2325 1643 185.
2373 1579 2558 1643 Eum.
2610 1580 2711 1642 95.
2760 1579 2912 1643 Eur.
2944 1579 3082 1644 Alc.

632 1670 775 1732 149.
824 1670 971 1732 255.
1020 1667 1184 1732 Med.
1234 1669 1380 1732 609.
1427 1668 1614 1733 Rhes.
1665 1670 1809 1733 956.
1855 1668 1952 1732 El.
2002 1669 2147 1732 800.

805 1777 905 1839 92.
954 1775 1203 1858 ἕτοιμος
1248 1776 1461 1861 εἰπεῖν]
1529 1776 1618 1841 Cf.
1666 1776 1766 1858 Aj.
1815 1778 1959 1840 813.
2026 1782 2258 1859 χωρεῖν
2313 1777 2577 1859 ἕτοιμος.
2611 1775 2796 1840 ·Eur.
2853 1776 3083 1840 Phoen.

628 1866 773 1929 975.
838 1865 1029 1936 αὐτός
1091 1866 1143 1928 τ’
1193 1902 1274 1911 ——
1323 1866 1625 1948 θνήσκειν
1687 1867 1953 1947 ἕτοιμος.
2028 1864 2177 1929 Eur.
2233 1865 2328 1929 El.
2392 1866 2534 1929 790.
2610 1867 2668 1929 εἰ
2729 1866 2798 1930 δὲ
2863 1868 3084 1940 ξένους

625 1955 859 2019 ἀστοῖσι
933 1955 1229 2019 συνθύειν
1300 1954 1530 2038 χρεὼν,
1581 1954 1589 2037 Ι
1638 1954 1911 2037 Αἴγισθ’,
1997 1956 2261 2038 ἕτοιμοι,
2334 1955 2500 2018 κούκ
2576 1955 3082 2038 ἀπαρνούμεσθ’,

624 2045 802 2118 ἅναξ.
866 2042 1017 2108 Her.
1069 2045 1213 2108 502.
1279 2045 1516 2126 ἑταίμα.
1564 2044 1705 2107 Hel.
1762 2046 1948 2108 1523.
2005 2045 2233 2109 εἰδέναι
2277 2044 2624 2126 πρόθυμος
2670 2046 2866 2127 (εἶμί).
2918 2044 3082 2109 Med.

626 2134 772 2197 612.
827 2133 964 2197 Tro.
1017 2134 1116 2196 74.
1184 2132 1338 2197 Plat.
1388 2132 1552 2198 Crat.
1602 2135 1749 2196 384.
1814 2135 2063 2217 ἕτοιμος
2126 2135 2328 2216 ἔγωγε
2391 2133 2499 2197 καί
2561 2134 2912 2216 μανθάνειν
2975 2135 3083 2197 καὶ

624 2223 897 2286 ἀκούειν.
966 2223 1158 2286 Arist.
1203 2221 1311 2285 Th.
1363 2223 1463 2285 59.
1644 2224 1760 2286 εἴτε
1823 2222 1929 2286 καὶ
1976 2222 2253 2307 στείχειν]
2320 2221 2410 2287 Cf.
2459 2223 2687 2287 Aesch.
2737 2221 2885 2286 Cho.
2937 2226 2971 2286 7
2981 2225 3081 2286 56.

625 2313 683 2374 εἰ
725 2310 840 2385 ξὺν
885 2312 1154 2394 λοχίταις
1200 2312 1316 2374 εἴτε
1360 2312 1468 2375 καὶ
1509 2313 1876 2395 μονοστιβῆ.
1935 2316 2053 2395 Ag.
2103 2313 2248 2375 843.
2297 2309 2401 2376 εἴτ’
2447 2309 2564 2375 οὗν
2610 2312 2922 2383 θανόντος
2968 2314 3084 2376 εἴτε

623 2400 731 2463 καὶ
795 2402 1034 2475 ζωντος
1095 2401 1239 2481 πέρι
1279 2401 1289 2483 Ι
1329 2399 1511 2483 λέγω.
1597 2399 1812 2484 Suppl.
1865 2403 2009 2464 185.
2084 2401 2216 2464 ἀλλ’
2281 2403 2382 2464 εἴτ’
2449 2401 2732 2485 ἀπήμων
2795 2403 2911 2466 εἴτε
2975 2401 3082 2465 καὶ

622 2491 986 2572 τεθυμένος.

809 2598 910 2661 93.
958 2597 1023 2668 ἒς
1067 2595 1335 2681 πάντας]
1385 2595 1472 2660 Cf.
1526 2596 1669 2661 Ant.
1722 2597 1909 2661 1247.
1962 2596 2053 2661 El.
2104 2597 2249 2661 606.
2305 2558 2586 2681 κήρυσσέ
2628 2596 2699 2680 μ’
2747 2599 2832 2670 εἰς
2878 2599 3078 2663 ἅπαν-

624 2710 734 2757 τας
787 2724 870 2732 —-
947 2687 1092 2750 642.
1137 2686 1228 2769 μὴ
1282 2724 1362 2732 -
1412 2687 1632 2770 σπείρῃ
1687 2688 1961 2769 ματαίαν
2005 2688 2189 2770 βάξιν
2235 2687 2299 2757 ἐς
2344 2711 2555 2750 πασαν
2600 2688 2797 2751 πόλιν.
2846 2687 3080 2753 Herod.

625 2774 799 2839 VIII.
849 2776 950 2838 26.
1018 2774 1151 2840 εἶπέ
1212 2799 1275 2839 τε
1339 2776 1404 2846 ἐς
1464 2777 1705 2846 πάντας
1767 2776 1930 2840 τάδε.
2076 2777 2277 2840 τῦνδε
2324 2776 2445 2859 γὰρ
2491 2777 2683 2841 πλέον
2729 2779 2912 2860 φέρω
2962 2776 3079 2861 -]

627 2863 715 2928 Cf.
747 2864 859 2929 Ph.
895 2865 1039 2928 596.
1089 2861 1273 2935 οὗτος
1320 2864 1441 2947 γὰρ
1486 2865 1680 2929 πλέον
1721 2873 1729 2948 Ι
1771 2865 1842 2929 τὸ
1872 2866 2120 2947 θάρσος
2166 2865 2290 2949 εἶχε
2321 2867 2598 2948 θατέρου
2633 2867 2885 2948 δράσειν
2914 2868 3079 2931 τάδε.

805 2955 903 3017 95.
951 2952 1190 3037 λέγοιμ’
1238 2956 1340 3035 ἂν]
1406 2952 1685 3018 Dicam.
1764 2954 2061 3019 Secunda
2115 2974 2386 3039 persona
2434 2955 2633 3019 multo
2690 2958 2944 3039 saepius
2990 2958 3082 3022 sic

537 3121 542 3128 .
627 3049 981 3128 usurpatur.

806 3133 904 3195 97.
950 3133 1196 3215 μίασμα
1244 3135 1464 3215 χώρας
1514 3170 1594 3179 --
1644 3133 1946 3218 ἐλαύνειν]
2018 3134 2106 3197 Cf.
2156 3138 2302 3197 402.
2369 3135 2793 3217 ἀγηλατήσειν.
2854 3136 3076 3200 Aesch.

624 3221 773 3285 Cho.
810 3222 953 3285 967.
1002 3222 1152 3285 ὅταν
1216 3220 1331 3304 ἀφ’
1396 3223 1596 3294 ἑστίας
1656 3224 1864 3304 μύσος
1925 3229 2054 3286 πᾶν
2110 3223 2326 3307 ἐλαθῇ.
2396 3223 2576 3287 Eum.
2627 3226 2772 3287 283.
2829 3226 3079 3306 καθαρ-

621 3317 767 3393 μοῖς
811 3311 1023 3394 ἠλάθη
1078 3311 1508 3393 χοιροκτόνοις
1554 3311 1645 3389 (τὸ
1689 3313 1978 3394 μίασμα).

803 3419 904 3481 98.
953 3418 1297 3501 ἀνήκεστον
1359 3418 1630 3503 τρέφειν]
1698 3418 1788 3482 Cf.
1844 3420 2082 3483 Herod.
2132 3419 2178 3482 I.
2232 3421 2373 3482 137.
2450 3420 2794 3503 ἀνήκεστον
2866 3422 3081 3492 πάθος

622 3506 824 3586 ἔρδειν
869 3508 1018 3570 τινά.
1086 3506 1198 3570 III.
1253 3509 1394 3570 154.
1461 3507 1704 3572 ἑωυτὸν
1767 3508 2047 3590 λωβᾶται
2110 3508 2329 3591 λώβην
2392 3510 2753 3592 ἀνήκεστον.
2822 3509 2928 3573 VI.
2985 3513 3079 3573 12.

621 3595 980 3677 λυμαίνεται
1045 3597 1247 3678 ἡμέας
1310 3597 1544 3680 λύμῃσι
1607 3598 2016 3680 ἀνηκέστοισι.
2085 3598 2457 3680 Ἀνήκεστον
2520 3599 2712 3680 ἄλγος
2776 3607 2835 3663 et
2902 3600 3081 3682 ἀνίην

622 3685 926 3749 dixerunt
980 3685 1300 3749 Homerus
1356 3692 1421 3749 et
1473 3685 1805 3770 Theognis.
1950 3687 2221 3770 τρέφειν]
2273 3688 2516 3751 Alere.
2595 3688 2687 3751 Of.
2736 3690 2881 3752 Ant.
2934 3689 3079 3752 660.

621 3775 679 3837 εἰ
721 3773 843 3856 γὰρ
892 3773 969 3856 δὴ
1016 3775 1092 3837 τά
1141 3777 1195 3857 γ’
1236 3775 1458 3858 ἐγγενῆ
1498 3776 1506 3856 Ι
1548 3776 1806 3857 ἄκοσμα
1838 3777 2092 3857 θρέψω.
2145 3778 2289 3838 533.
2339 3779 2438 3858 Aj.
2480 3779 2662 3840 1124.
2709 3777 2817 3840 τὸν
2868 3777 3080 3860 θυμὸν

621 3863 715 3933 ὡς
781 3863 986 3927 δεινὸν
1049 3865 1275 3945 τρέφει.
1347 3865 1491 3928 503.
1543 3867 1687 3927 644.
1755 3865 1866 3928 Ph.
1920 3866 2065 3928 795.
2129 3864 2283 3928 Hor.
2319 3866 2433 3931 Od.
2480 3865 2528 3928 I.
2565 3868 2665 3929 22.
2706 3867 2804 3929 13.
2861 3866 3079 3948 ‘quale

621 3957 980 4035 portentum
1028 3972 1237 4036 neque
1286 3953 1577 4017 militaris
1616 3955 1625 4037 Ι
1669 3952 1923 4017 Daunia
1978 3955 2043 4017 in
2093 3954 2306 4019 densis
2353 3955 2469 4018 alit
2513 3955 2891 4018 esculentis)

804 4060 901 4122 99.
950 4061 1119 4143 ποίῳ
1183 4060 1548 4142 καθαρμῷ,·
1612 4061 1699 4131 τίς
1763 4061 1801 4124 δ
1865 4061 2099 4142 τρόπος
2170 4068 2280 4144 τῆς
2344 4061 2750 4147 ξυμφορᾶς,·]
2828 4061 3080 4127 Similes

622 4167 845 4213 versus
891 4155 1045 4212 sunt
1091 4150 1284 4212 Arist.
1318 4150 1437 4212 Av.
1473 4150 1574 4213 94.
1620 4151 1708 4220 τίς
1755 4151 1793 4232 ἡ
1841 4151 2182 4230 πτέρωσις,·
2227 4152 2313 4221 τίς
2360 4151 2397 4214 ὁ
2443 4151 2679 4233 τρόπος
2722 4158 2832 4234 τῆς
2875 4152 3076 4234 τριλο-

620 4240 800 4319 φίας,·
867 4239 1013 4300 994.
1069 4238 1155 4308 τίς
1214 4239 1270 4301 δ’
1327 4239 1462 4303 ἰδέα
1517 4239 1984 4321 βουλεύματος,·
2026 4238 2035 4321 Ι
2074 4240 2161 4310 τίς
2208 4241 2487 4324 ἡπίνοια,
2541 4242 2627 4310 τίς
2673 4241 2710 4303 ὁ
2756 4241 3081 4322 κόθορνος

618 4333 730 4408 τῆς
775 4327 969 4402 δδοῦ,·
1018 4327 1164 4389 291.
1301 4328 1665 4413 καθαρμῷ]
1715 4329 1804 4393 Cf.
1846 4330 2030 4392 1228.
2083 4328 2152 4393 Ο.
2187 4328 2251 4392 C.
2295 4331 2441 4392 466.
2492 4331 2617 4393 θοῦ
2666 4336 2779 4394 νῦν
2824 4331 3076 4414 καθαρ-

616 4414 744 4496 μὸν
789 4416 991 4479 τῶνδε
1039 4416 1384 4499 δαιμόνων.
1431 4417 1667 4481 Herod.
1689 4417 1833 4481 VII.
1862 4419 2002 4482 197.
2049 4418 2398 4501 καθαρμὸν
2443 4426 2552 4502 τῆς
2597 4421 2818 4502 χώρης
2861 4444 3075 4487 ποιευ-

617 4506 834 4586 μένων
872 4505 1145 4588 Ἀχαιῶν
1192 4507 1264 4569 ἔκ
1311 4506 1726 4590 θεοπροπίου.
