3463 5287
1307 459 1559 506 onnu’us
1602 461 1728 506 mox
2615 447 2741 508 325

459 619 604 682 637.
653 618 774 683 οὒκ
822 617 881 682 εἴ
919 618 997 683 σύ
1040 619 1103 682 τ’
1143 619 1293 704 -,·]
1351 617 1438 683 Cf.
1486 620 1635 685 Ant.
1688 622 1834 686 724.
1889 622 2077 696 ἄναξ,
2130 622 2202 686 σέ
2243 622 2297 685 τ’
2342 621 2531 696 εἰκὸς,
2590 625 2656 688 εἴ
2686 648 2743 687 τι

277 708 527 790 καίριον
580 708 766 791 λέγει,
808 707 817 792 Ι
856 708 1109 790 μαθεῖν,
1157 710 1229 773 σέ
1269 712 1322 772 τ’
1368 707 1451 774 αὗ
1482 709 1681 774 τοῦδ’·
1729 709 1801 775 εὗ
1833 710 1955 794 γὰρ
1987 713 2220 795 εἴρηται
2256 711 2461 796 διπλῇ.
2509 713 2739 779 Aesoh.

277 800 397 882 Ag.
451 799 637 861 1658.
702 804 899 882 στεῖχε
969 798 1077 862 καὶ
1148 798 1226 863 σὺ
1273 799 1384 882 χοί
1424 800 1710 882 γέροντες
1762 799 1927 883 πρὸς
1983 801 2228 883 δόμους
2271 803 2742 886 πεπρωμένους

277 887 768 969 (ἕρρωμένωςῖ).
913 886 1075 951 κατὰ
1107 887 1356 972 στέγας]
1415 887 1671 953 Under
1723 907 1954 955 cover
1983 889 2381 971 (indoors).
2450 891 2542 955 cf.
2577 889 2737 958 O.C.

278 978 425 1041 339.
482 977 642 1040 κατὰ
717 977 936 1060 στέγας
998 978 1328 1042 θακοῢσιν.
1402 977 1497 1041 ΕΙ.
1547 979 1691 1042 282.
1757 977 1917 1043 κατὰ
1997 980 2216 1062 στέγας
2279 979 2477 1044 κλάω.
2550 979 2738 1052 1308.

274 1066 587 1148 Αἴγισθος
630 1066 750 1148 μὲν
796 1066 873 1131 οὔ
919 1065 1106 1130 κατὰ
1154 1068 1444 1150 στέγας,
1486 1066 1494 1151 Ι
1531 1068 1743 1151 μήτηρ
1793 1068 1851 1132 δ’
1900 1069 1976 1132 ἔν
2023 1069 2268 1140 οἴκοις
2305 1070 2465 1151 (ἔσω
2503 1068 2738 1153 ’στίνΡ).

276 1154 348 1219 O.
381 1155 453 1220 Β.
509 1156 694 1218 1515.
742 1156 833 1220 ἴθι
878 1156 1098 1239 στέγης
1143 1157 1288 1221 ἔσω.
1354 1157 1502 1220 Ant.
1555 1157 1745 1221 1248.
1791 1157 1920 1221 ὑπὸ
1966 1158 2186 1241 στέγης
2230 1160 2376 1223 ἔσω.
2439 1158 2536 1223 Tr.
2585 1160 2734 1224 492.

275 1246 426 1309 εἴσω
494 1246 713 1328 στέγης
774 1249 1111 1329 χωρῶμεν.
1180 1246 1325 1310 202.
1373 1247 1523 1310 εἴσω
1589 1246 1825 1330 στέγης.
1875 1247 2021 1310 329.
2067 1248 2451 1331 πορευέσθω
2500 1249 2736 1331 στέγας.

274 1332 426 1397 Eur.
459 1334 699 1399 Phoen.
738 1335 879 1398 193.
927 1335 1103 1418 εἴσβα
1151 1335 1343 1419 δῶμα
1390 1334 1497 1399 καὶ
1541 1334 1700 1399 κατὰ
1750 1335 1969 1418 στέγας
2011 1336 2218 1419 μίμνε.

458 1425 604 1488 638.
650 1423 758 1487 καὶ
800 1423 1012 1507 μὴ-
1045 1423 1272 1508 οἴσετε]
1328 1424 1377 1489 Ι.
1427 1444 1484 1507 q.
1530 1424 1699 1508 μηδὲ
1750 1461 1831 1471 -
1880 1425 2089 1490 οἴσετε.
2166 1424 2610 1510 Repetendum
2658 1428 2738 1492 οὗ

277 1532 361 1575 ex
417 1512 628 1597 priore
683 1512 983 1578 membro.
1062 1512 1151 1577 cf.
1199 1512 1280 1578 ad
1325 1515 1425 1597 Aj.
1476 1516 1577 1578 75.
1632 1513 1729 1577 Tr.
1784 1515 1973 1579 1183.
2152 1514 2224 1580 τὸ
2269 1514 2475 1599 μηδὲν
2520 1516 2734 1601 ἄλγος]

279 1600 365 1663 Cf.
417 1603 565 1667 Ant.
612 1602 761 1666 466.
807 1602 962 1686 παρ’
1011 1602 1201 1668 οὐδὲν
1246 1603 1452 1686 ἄλγος.

456 1709 600 1774 640.
650 1709 739 1774 Of.
771 1710 1005 1775 Herod.
1040 1709 1099 1793 6,
1134 1711 1278 1775 130.
1324 1710 1434 1775 ἕνα
1480 1711 1702 1794 ὑμέων
1748 1712 2061 1795 ἐξαίρετον
2104 1712 2490 1793 ἀποκρίνων.
2541 1714 2599 1795 3,
2632 1715 2736 1778 25.

277 1801 337 1882 8,
388 1801 443 1862 7.
494 1800 551 1878 3,
605 1800 702 1862 17.
748 1804 859 1863 τοῦ
904 1800 1104 1874 πεζοῦ
1151 1799 1598 1883 ἀποκρίναντα.

454 1889 600 1951 641.
647 1894 875 1953 κτεῖναι
905 1887 1147 1972 λαβών]
1196 1889 1468 1973 Anglice
1517 1893 1590 1954 to
1647 1890 1816 1955 take
1871 1890 2015 1954 and
2060 1890 2204 1954 kill
2253 1909 2379 1956 mo.
2458 1888 2546 1954 Of.
2582 1892 2729 1956 607.

278 1976 348 2040 Ο.
382 1977 448 2042 Ο.
496 1978 644 2041 475.
781 1980 821 2061 ἢ
869 1985 985 2062 γῆς
1031 1978 1285 2043 ἀπῶσαι
1333 1977 1451 2064 -]
1501 1977 1591 2043 Cf.
1643 1979 1789 2043 100.
1839 1979 1984 2042 308.
2037 1980 2182 2043 658.

454 2085 599 2149 643.
648 2084 888 2167 τούμὸν
944 2084 1169 2170 σῶμα]
1235 2083 1322 2150 Of.
1380 2085 1451 2150 Ο.
1485 2084 1548 2148 C.
1599 2087 1745 2150 501.
1808 2085 2049 2170 τούμὸν
2115 2086 2330 2169 δέμας.
2393 2086 2489 2151 Tr.
2544 2077 2732 2154 1193.

277 2175 427 2239 Eur.
475 2174 675 2240 Andr.
723 2175 872 2239 315.
945 2180 1056 2239 τοῦ
1122 2181 1240 2240 σοῦ
1307 2176 1620 2257 σώματος.
1684 2173 1836 2241 Her.
1886 2177 2031 2240 529.
2098 2173 2342 2259 ἡγεῖσθ’
2405 2176 2573 2240 ὅπου
2640 2177 2741 2241 δεῖ

275 2269 464 2348 σῶμα
496 2265 834 2328 κατθανεῖν
869 2264 1028 2329 τόδε.
1076 2263 1209 2349 Iph.
1242 2264 1319 2327 A.
1353 2265 1500 2329 407.
1533 2263 2094 2347 Κλυταιμνήστρας
2126 2265 2342 2348 δέμας.
2480 2265 2731 2348 δρῶντα
2856 2353 2863 2358 ·

273 2391 360 2401 —-
408 2353 524 2418 σὺν
569 2354 751 2437 τέχνῃ
799 2354 1004 2439 κακῇ]
1062 2353 1150 2419 Cf.
1205 2355 1348 2417 124.
1406 2356 1470 2419 εἴ
1501 2378 1556 2417 τι
1600 2354 1692 2438 μὴ
1743 2353 1858 2427 ξὺν
1904 2355 2170 2437 ἀργύρῳ
2210 2354 2219 2439 Ι
2261 2353 2589 2436 ἕπράσσετ’
2633 2355 2733 2419 ἔν-

272 2442 468 2508 θένδ’.
601 2444 785 2526 τέχνῃ
832 2442 1037 2527 κακῇ]
1104 2443 1376 2528 Anglice
1442 2444 1622 2507 with
1687 2443 1841 2508 evil
1908 2442 2193 2528 design.
2281 2443 2370 2508 Of.
2416 2443 2580 2509 Phil.
2629 2446 2732 2509 88.

272 2534 435 2615 ἔφυν
481 2532 602 2615 γὰρ
650 2532 839 2597 οὐδὲν
884 2535 959 2597 ὲκ
1004 2533 1224 2616 τέχνης
1269 2534 1570 2616 πράσσειν
1617 2539 1842 2617 κακῆς.
2309 2614 2313 2618 Ι

452 2641 596 2704 644.
644 2638 744 2705 De
789 2638 1138 2724 hyperbato
1185 2641 1260 2705 of.
1312 2640 1411 2705 76.
1466 2641 1652 2704 1251.
1710 2641 1956 2724 χῶπως
1998 2641 2119 2725 μὲν
2164 2641 2237 2706 ἐκ
2282 2639 2475 2706 τῶνδ’
2524 2641 2732 2706 οὐκέτ’

274 2729 394 2794 οἶδ’
452 2730 807 2794 ἀπόλλυται.
874 2729 945 2794 Ο.
980 2729 1047 2793 C.
1096 2731 1242 2794 874.
1308 2731 1446 2804 ἄξω
1510 2731 1618 2813 βίᾳ
1666 2731 1677 2812 Ι
1728 2732 1831 2795 κεῖ
1885 2731 2129 2815 μοῦνός
2193 2733 2316 2814 εἰμι
2380 2730 2562 2796 τόνδε
2624 2732 2733 2796 καὶ

272 2819 492 2903 χρόνῳ
536 2820 796 2903 βραδύς.
845 2820 994 2884 Ant.
1045 2820 1191 2884 324.
1238 2818 1388 2883 Eur.
1440 2817 1543 2883 Or.
1587 2821 1776 2884 1210.
1825 2821 1918 2891 ὡς
1963 2820 2150 2884 τᾶλλα
2199 2823 2255 2902 γ’
2303 2819 2510 2894 εἴπας,
2557 2822 2731 2903 εἴπερ

272 2910 717 2993 εὐτυχήσομεν,
759 2909 770 2992 Ι
808 2907 1115 2982 κάλλισθ’,
1170 2909 1411 2979 ἑλόντες
1457 2910 1745 2991 σκύμνον
1791 2911 2048 2974 ἀνοσίου
2095 2910 2350 2993 πατρός.
2402 2910 2548 2975 599.
2595 2909 2733 2975 ἀλλ’

271 2999 366 3070 ὡς
406 2999 527 3082 μὲν
581 2999 703 3062 οὐκ
759 2996 828 3062 εὗ
873 2997 965 3082 μὴ
1013 2997 1140 3080 λέγ’
1187 3000 1499 3082 εἴργασται
1543 2998 1693 3063 τάδε
1738 2998 1863 3062 κτλ.
1911 2997 2077 3063 Med.
2127 2999 2273 3063 473.
2321 2999 2450 3081 ἐγώ
2494 3023 2560 3063 τε
2606 2998 2728 3082 γὰρ

273 3089 502 3163 λέξασα
567 3088 1090 3171 κουφισθήσομαι
1130 3087 1141 3172 Ι
1180 3087 1399 3171 ψυχὴν
1460 3092 1685 3158 κακῶς
1751 3112 1820 3151 σε
1882 3088 1991 3152 καὶ
2054 3088 2132 3151 σὺ
2190 3088 2451 3171 λυπήσει
2495 3087 2730 3153 κλύων.

270 3177 425 3243 Hae.
474 3178 621 3241 840.
685 3177 793 3241 καὶ
854 3177 1171 3260 βούλομαι
1234 3178 1413 3241 θεῶν
1475 3176 1543 3241 θ’
1591 3177 1776 3241 εἵνεκ’
1841 3177 2099 3242 ἀνόσιον
2163 3177 2394 3260 ξένονΙ
2444 3176 2553 3241 καὶ
2616 3183 2729 3242 τοῦ

273 3267 518 3331 δικαίου
565 3266 749 3350 τήνδε
795 3290 895 3331 σοι
943 3267 1165 3331 δοῦναι
1215 3267 1410 3349 δίκην.
1460 3267 1653 3331 Arist.
1719 3265 1888 3330 Eccl.
1950 3266 2137 3331 1049.
2211 3266 2367 3349 αὕτη
2439 3265 2544 3340 σὺ,
2618 3272 2738 3331 ποῖ’

270 3358 616 3440 παραβᾶσα
663 3356 844 3421 τόνδε
888 3356 998 3419 τὸν
1043 3356 1246 3439 νόμον
1287 3355 1295 3438 Ι
1336 3355 1533 3426 ἕλκεις
1566 3380 1674 3432 -‚·
1819 3357 1911 3439 μή
1959 3379 2073 3419 νυν
2105 3354 2397 3439 ὀναίμην]
2445 3354 2734 3420 Positiva

271 3448 474 3511 forma
517 3446 934 3529 adJurationis
981 3450 1116 3510 erat
1159 3446 1366 3517 οὕτως
1412 3445 1699 3529 ὀναίμην.

450 3554 595 3618 646.
643 3551 702 3617 ὦ
747 3552 911 3634 πρὸς
955 3557 1083 3616 τῶν
1128 3551 1327 3636 θεῶν]
1385 3549 1476 3615 Cf.
1529 3552 1716 3616 1037.
1774 3551 1833 3617 ὦ
1886 3551 2052 3634 πρὸς
2101 3553 2279 3617 θεῶν
2326 3588 2412 3599 —-
2458 3552 2726 3636 φράσον.

271 3644 369 3726 Aj.
419 3644 565 3708 372.
613 3640 672 3707 ὦ
717 3641 883 3725 πρὸς
927 3642 1105 3706 θεῶν
1149 3643 1382 3707 ὕπεικε.
1428 3643 1623 3705 Arist.
1671 3642 1860 3725 Vesp.
1909 3643 2057 3705 484.
2104 3640 2198 3704 Pl.
2247 3642 2396 3706 458.
2449 3641 2638 3704 1176.

449 3732 595 3795 647.
643 3732 844 3814 ὅρκον
877 3768 960 3778 -—
994 3731 1195 3816 θεῶν]
1244 3730 1334 3796 Of.
1385 3729 1457 3794 O.
1490 3729 1555 3794 C.
1601 3731 1790 3796 1767.
1839 3731 1938 3814 χώ
1983 3731 2164 3795 πάντ’
2212 3729 2372 3795 ἀΐων
2419 3731 2570 3803 Διὸς
2613 3731 2724 3813 ὄρ·

269 3845 402 3893 κος.
450 3821 598 3886 Eur.
645 3820 837 3905 Hipp.
891 3821 1078 3884 1040.
1125 3821 1364 3902 ὅρκους
1408 3820 1782 3904 παρασχὼν,
1829 3820 2028 3886 πίστιν
2074 3821 2152 3885 οὗ
2191 3819 2485 3904 σμικρὰν,
2533 3821 2727 3885 θεῶν.

269 3911 455 3976 Hom.
490 3908 602 3974 Od.
638 3912 697 3993 2,
732 3911 877 3974 377.
926 3910 1124 3994 γρηῢς
1180 3909 1251 3973 δὲ
1305 3910 1483 3974 θεῶν
1534 3911 1741 3994 μέγαν
1795 3910 1994 3993 ὅρκον
2050 3910 2345 3994 ἀπώμνυ.
2400 3910 2582 3974 Pind.
2633 3908 2726 3974 Ol.

273 3999 411 4063 VII.
462 4002 562 4064 65.
609 4001 789 4064 θεῶν
837 3998 895 4064 δ’
942 4000 1389 4083 ὅρκον“μέγαν
1434 3999 1524 4084 μὴ
1572 4000 1940 4084 παρφάμεν.

448 4108 594 4171 649.
640 4108 841 4172 πιθοῦ
888 4105 1197 4190 θελήσας]
1246 4104 1335 4171 Of.
1384 4106 1456 4171 O.
1490 4106 1556 4171 C.
1601 4109 1746 4172 757.
1792 4108 2052 4191 κρύψον
2097 4107 2374 4190 θελήσας
2419 4108 2573 4173 ἄστυ
2617 4107 2728 4171 καὶ

270 4196 516 4279 δόμους
559 4196 793 4279 μολεῖν.
841 4196 1006 4261 Phil.
1042 4197 1231 4261 1343.
1264 4198 1579 4280 συγχώρει
1609 4197 1841 4262 θέλων.
1888 4196 2039 4261 Eur.
2070 4195 2170 4261 Fr.
2202 4198 2351 4279 434,
2384 4196 2441 4259 5.
2488 4196 2726 4261 ὑπείκει

267 4286 374 4350 καὶ
436 4285 651 4350 θέλων
705 4286 1056 4368 ἔγκλίνεται.
1124 4287 1350 4351 Aesch.
1397 4284 1499 4350 Pr.
1552 4287 1696 4351 782.
1752 4286 1866 4370 τὴν
1913 4285 1971 4350 δ’
2018 4285 2161 4370 ἐμοὶ
2214 4285 2399 4369 χάριν
2440 4285 2449 4370 Ι
2489 4285 2725 4350 θέσθαι

265 4375 559 4458 θέλησον.

447 4464 594 4529 651.
642 4465 704 4528 τί
759 4487 857 4529 σοι
921 4465 1124 4536 θέλεις
1190 4466 1321 4549 δῆτ’
1385 4466 1700 4551 εἷκάθω,·]
1777 4465 1868 4530 Cf.
1916 4466 2066 4531 Ant.
2118 4465 2306 4529 1102.
2382 4464 2491 4530 καὶ
2552 4462 2724 4529 ταῦτ’

266 4558 539 4631 ἐπαινεῖς
583 4555 692 4621 καὶ
739 4555 949 4630 δοκεῖς
991 4555 1407 4640 παρεικαθεῖν
1415 4578 1442 4634 ;
