3463 5287
684 410 809 473 112
1754 425 2052 472 maome

678 588 933 652 divulsa
987 588 1056 650 in
1110 586 1319 651 locum
1377 606 1628 650 sacrum
1684 604 1872 650 canes
1926 586 2222 668 feraeque
2269 586 2645 670 pertulerint
2699 592 2765 649 et
2809 586 2988 667 quasi
3036 605 3134 649 sa-

676 676 1042 757 crificarint‚
1110 676 1280 759 quod
1345 676 1410 737 in
1480 676 1805 758 Polynicis
1879 676 2141 759 corpor‘e
2205 674 2495 739 futurum
2559 674 2831 738 Tiresias
2895 673 3134 757 putat-’⁹

765 767 1294 847 συνταράσσονται
1338 763 1580 848 πόλεις]
1649 764 1741 828 Cf.
1789 763 1938 827 Eur.
1987 764 2137 829 Her.
2189 765 2333 828 379.
2397 766 2487 848 μή
2545 789 2656 846 μοι
2715 763 2857 846 δορὶ
2911 786 3132 828 συντα-

675 857 875 940 ράξῃς
919 856 1032 920 τὰν
1072 892 1143 901 -
1179 855 1375 918 πόλιν.
1423 853 1556 938 Ipb.
1589 854 1651 917 T.
1687 856 1834 918 538.
1882 851 1940 918 ὦ
1989 854 2440 936 ξυνταραχθεὶς
2473 853 2663 925 οἶκος.
2714 852 2950 919 Phoen.
2985 854 3131 917 203.

675 947 770 1016 ὡς
832 945 1157 1027 ταραγμὸς
1220 945 1507 1026 εἰσῆλθεν
1552 943 1750 1007 πόλιν.
1818 945 2007 1007 Arist.
2059 943 2199 1007 Pac.
2252 943 2397 1005 266.
2461 944 2666 1026 τούτῳ
2728 944 2981 1026 ταράξει
3025 941 3135 1013 τὰς

674 1035 887 1106 πόλεις
931 1036 1318 1118 καθήμενος.

862 1125 1047 1188 1081.
1094 1121 1477 1206 καθήγισαν]
1545 1121 1636 1186 Cf.
1684 1122 1834 1187 Eur.
1884 1119 1988 1186 Or.
2037 1124 2140 1186 40.
2196 1128 2469 1205 σφαγαῖς
2519 1122 2528 1204 Ι
2575 1122 2867 1186 θανοῦσα
2923 1122 3133 1205 μήτηρ

674 1215 829 1295 πυρὶ
873 1215 1248 1296 καθήγισται
1298 1214 1509 1295 δέμας.
1561 1219 1623 1275 et
1668 1213 1750 1275 ad
1797 1212 1889 1275 ΕΙ.
1942 1213 2130 1276 1488.
2185 1210 2421 1276 Herod.
2474 1210 2614 1275 VII.
2666 1210 2810 1274 167.
2868 1211 2967 1274 ἐπὶ
3012 1234 3131 1274 πυ-

677 1310 796 1387 ρῆς
839 1304 1118 1386 μεγάλης
1164 1304 1428 1383 σώματα
1477 1302 1592 1364 ὅλα
1640 1302 2015 1383 καταγίζων.
2063 1300 2144 1365 II.
2183 1302 2325 1364 130.
2374 1299 2420 1364 I.
2456 1300 2601 1364 202.
2654 1300 2945 1384 Apollon.
2979 1300 3131 1382 Dys.

677 1414 730 1457 e.
770 1394 866 1456 10.
923 1390 1312 1474 Θεόπομπος
1360 1392 1416 1455 δ’
1465 1391 1532 1454 ἐν
1576 1397 1704 1461 τοῖς
1758 1388 2177 1473 Θαυμασίοις,
2235 1390 2302 1453 ἐν
2346 1397 2440 1473 τῷ
2485 1390 2685 1472 ἀγῶνι
2730 1394 2858 1454 τῶν
2895 1388 3131 1472 Ὀλυμ-

675 1483 843 1546 πίων
886 1482 1143 1545 πολλῶν
1197 1480 1707 1554 ἐπιπολαζόντων
1761 1481 2012 1544 ἰκτίνων
2066 1481 2133 1544 ἐν
2177 1485 2252 1564 τῇ
2297 1480 2646 1562 πανηγύρει
2700 1479 2808 1543 καὶ
2856 1479 3132 1561 διασυρι-

680 1571 922 1647 ζόντων
968 1570 1041 1634 τὰ
1092 1570 1520 1654 διαφερόμενα
1568 1571 1725 1652 κρέα
1773 1575 1903 1633 τῶν
1948 1571 2301 1652 ἱεροθύτων
2347 1570 2544 1651 ἀθιγῆ
2588 1571 2813 1651 μένειν.

860 1661 1047 1725 1083.
1094 1659 1439 1744 ἑστιοῦχον]
1489 1659 1579 1723 Of.
1616 1658 2203 1723 Aesch.Pers.510.
2249 1660 2515 1742 ἥκουσιν
2549 1696 2629 1705 —
2663 1662 2767 1741 ἐφ’
2813 1659 3136 1741 ἑστιοῦχον

681 1757 877 1833 γαῖαν.
926 1749 1076 1814 Eur.
1125 1749 1322 1812 Andr.
1373 1751 1518 1813 282.
1567 1749 1812 1831 ἔρημον
1857 1749 2179 1831 ἑστιοῦχον
2225 1749 2440 1812 αὐλάν.

863 1841 1050 1903 1084.
1097 1838 1246 1923 σου]
1300 1838 1624 1922 Tanquam
1680 1840 1735 1901 si
1782 1843 2151 1902 secuturum
2198 1843 2360 1903 esset
2407 1838 2728 1912 ἑτόξευσα,
2786 1838 2911 1901 nisi
2956 1857 3135 1921 repo-

676 1930 959 1994 nendum
1008 1953 1124 1993 σοι.

862 2020 1047 2082 1085.
1095 2017 1324 2102 θυμῷ]
1374 2017 1561 2082 Prae
1607 2019 1734 2081 ira.
1873 2016 2140 2100 καρδίας
2183 2016 2568 2102 τοξεύματα]
2626 2015 2713 2080 Cf.
2762 2016 2833 2079 Ο.
2865 2015 2938 2080 R.
2987 2016 3133 2079 892.

678 2110 898 2191 θυμοῦ
944 2108 1115 2192 βέλη.
1163 2108 1312 2171 Eur.
1347 2107 1443 2171 Fr.
1476 2107 1626 2187 499,
1659 2109 1716 2169 2.
1762 2108 1970 2190 μάτην
2006 2107 2108 2190 ἄρ’
2141 2108 2227 2177 εἰς
2259 2113 2559 2189 γυναῖκας
2605 2107 2675 2180 ἐξ
2719 2106 2978 2188 ἀνδρῶν
3008 2107 3133 2187 ψό-

681 2222 792 2280 γος
832 2197 841 2281 Ι
880 2198 1103 2279 ψάλλει
1157 2197 1345 2261 κενὸν
1396 2198 1671 2279 τόξευμα
1727 2196 1837 2260 καὶ
1890 2201 2114 2266 κακῶς
2158 2197 2335 2278 λέγει.
2392 2195 2544 2259 Eur.
2592 2195 2805 2280 Suppl.
2856 2197 3002 2259 242.
3049 2197 3136 2264 εἰς

678 2287 827 2358 τοὺς
872 2288 1129 2369 ἔχοντας
1174 2286 1376 2367 κέντρ’
1409 2287 1666 2369 ἀφιᾶσιν
1696 2287 1886 2350 κακά.
1934 2286 2161 2349 Aesch.
2188 2285 2401 2369 Suppl.
2424 2287 2571 2349 446.
2620 2287 2874 2368 γλῶσσα
2920 2286 3131 2359 τοξεύ-

681 2375 822 2440 σασ’
868 2378 908 2439 ἃ
954 2378 1045 2459 μή
1098 2376 1205 2440 ’στι
1251 2377 1478 2458 καίρια.
1545 2374 1754 2439 Prom.
1805 2376 1951 2438 649.
2018 2373 2182 2445 Ζεὺς
2247 2374 2368 2457 γὰρ
2433 2377 2655 2458 ἱμέρου
2720 2375 2883 2459 βέλει
2923 2373 2932 2459 Ι
2972 2374 3136 2457 πρὸς

680 2471 799 2531 σοῦ
873 2466 1227 2530 τέθαλπται.
1305 2464 1485 2528 Pind.
1541 2464 1759 2528 Isthm.
1822 2464 1894 2526 V.
1944 2465 2045 2529 59.
2122 2464 2376 2547 γλῶσσα
2433 2500 2519 2510 -—
2573 2466 2923 2547 τοξεύματα
2994 2466 3134 2547 ἔχει.

679 2554 834 2620 Hor.
882 2554 997 2620 od.
1045 2554 1125 2619 II.
1175 2557 1232 2620 8.
1286 2555 1383 2618 14.
1450 2554 1772 2639 ‘Cupido
1824 2552 1834 2638 Ι
1885 2572 2180 2637 semper
2253 2554 2609 2619 ardentes
2674 2573 2955 2618 acuens
3018 2573 3135 2618 sa-

683 2646 953 2731 gittas.’

864 2736 1051 2800 1086.
1097 2735 1381 2820 θάλπος]
1449 2736 1831 2799 Ardorem.
1911 2734 1999 2798 Cf.
2048 2734 2276 2799 Aesoh.
2326 2733 2533 2798 Prom.
2583 2734 2728 2798 653.
2796 2733 2959 2803 Ζεὺς
3014 2733 3137 2815 γὰρ

680 2827 905 2909 ἱμέρου
969 2826 1132 2909 βέλει
1174 2825 1182 2908 Ι
1223 2825 1388 2907 πρὸς
1451 2831 1570 2889 σοῦ
1633 2824 1989 2888 τέθαλπται.
2045 2824 2190 2887 590.
2241 2824 2387 2887 879.
2568 2822 2993 2907 ὑπεκδραμεῖ]
3043 2822 3135 2887 Of.

680 2915 831 2978 Eur.
882 2914 1042 2980 Med.
1094 2916 1237 2978 984.
1303 2915 1458 2978 ὅταν
1522 2913 1580 2978 δ’
1638 2915 1758 2996 οὐχ
1822 2913 2331 2996 ὑπεκδραμεῖται.
2399 2911 2633 2978 Phoen.
2683 2915 2830 2977 887.
2896 2914 2989 2984 ὡς
3054 2913 3133 2994 δὴ

678 3004 876 3076 θεοὺς
937 3004 1556 3087 ὑπεκδραμούμενοι.
1625 3003 1822 3066 Andr.
1870 3004 2017 3065 415.
2082 3005 2163 3085 ἢν
2226 3002 2644 3086 ὑπεκδράμῃς
2705 3002 2928 3085 μόρον.
2989 3003 3133 3065 338.

682 3095 740 3157 h.
789 3096 934 3158 581.
1002 3094 1164 3159 Med.
1216 3096 1360 3156 524.
1429 3093 1574 3156 Eur.
1625 3092 1723 3156 Fr.
1775 3092 1876 3175 67,
1926 3093 1983 3154 6.
2049 3092 2233 3174 ὅμως
2299 3091 2357 3155 δ’
2406 3092 2626 3173 ἀγῶνα
2683 3092 2863 3156 τόνδε
2920 3093 3018 3156 δεῖ
3064 3090 3135 3174 μ’

680 3184 1127 3267 ὑπεκδραμεῖν.
1177 3183 1410 3248 Herod.
1458 3183 1506 3246 I.
1561 3183 1702 3245 156.
1753 3185 1831 3264 ἢν
1875 3181 1947 3245 τὸ
1992 3181 2235 3264 παρεὸν
2280 3181 2757 3264 ὑπεκδράμωσι.

865 3274 1051 3337 1089.
1096 3271 1367 3356 τρέφειν]
1431 3273 1527 3336 ΤΟ
1593 3272 1794 3354 keep.
1874 3271 1961 3335 Cf.
2009 3272 2107 3355 Aj.
2161 3271 2348 3334 1124.
2413 3272 2453 3353 ἡ
2520 3271 2774 3352 γλῶσσά
2847 3294 2964 3334 σου
3028 3270 3137 3333 τὸν

681 3361 899 3445 θυμὸν
944 3363 1038 3433 ὡς
1086 3361 1291 3425 δεινὸν
1335 3363 1561 3444 τρέφει.
1619 3360 1689 3426 Ο.
1724 3361 1788 3423 C.
1843 3360 1984 3424 186.
2033 3359 2104 3422 O.
2138 3358 2208 3422 R.
2260 3358 2405 3423 356.
2463 3363 2612 3424 Ant.
2646 3361 2791 3424 897.
2841 3362 2938 3443 Aj.
2990 3360 3135 3423 503.

683 3454 829 3515 644.
879 3451 992 3516 Ph.
1029 3453 1170 3515 795.
1206 3450 1300 3514 Fr.
1336 3453 1437 3514 28.
1571 3451 1683 3534 τὴν
1731 3451 2026 3532 γλῶσσαν
2059 3487 2139 3496 -
2174 3448 2282 3512 τὸν
2312 3455 2466 3513 νοῦν
2512 3450 2594 3535 τ’]
2645 3448 2732 3513 Cf.
2766 3449 2863 3513 Fr.
2898 3452 3044 3528 325,
3077 3450 3135 3511 2.

681 3541 851 3624 ὀρθὴ
898 3541 1018 3624 μὲν
1063 3542 1103 3623 ἦ
1154 3540 1419 3622 γλῶσσ’
1467 3540 1625 3604 ἐστὶν
1672 3540 1963 3623 ἀσφαλὴς
2010 3539 2067 3602 δ’
2115 3538 2152 3602 ὁ
2198 3544 2389 3609 νοῦς.
2562 3537 2998 3623 ἡσυχαιτέραν]
3049 3537 3136 3602 Cf.

682 3631 909 3696 Aesoh.
961 3631 1140 3694 Eum.
1190 3633 1335 3693 223.
1402 3631 1817 3713 ἡσυχαιτέραν
1889 3629 2296 3711 (-αίτερον”τ)).
2384 3627 2487 3694 Sic
2552 3631 2905 3713 φιλαίτερος
2968 3627 3135 3695 Xen.

682 3720 887 3785 Anab.
934 3718 983 3783 I.
1033 3721 1089 3783 9.
1124 3720 1225 3783 29.
1273 3720 1684 3802 ἀσμεναίτατα
1735 3717 1889 3782 Plat.
1924 3717 2108 3801 Resp.
2141 3717 2189 3781 I.
2225 3718 2352 3780 329
2378 3718 2448 3782 B.

865 3811 1051 3873 1090.
1101 3807 1187 3873 Of.
1241 3809 1338 3873 Tr.
1390 3810 1532 3873 736.
1597 3809 1809 3889 λῴους
1854 3809 2094 3890 φρένας
2133 3808 2142 3891 Ι
2183 3811 2312 3871 τῶν
2373 3815 2488 3873 νῦν
2550 3813 2901 3892 παρουσῶν
2946 3807 3136 3872 τῶνδ’

683 3899 1087 3981 ἀμείψασθαί
1126 3899 1347 3963 ποθεν.
1398 3898 1556 3962 Phil.
1612 3899 1797 3961 1079.
1855 3895 2084 3980 χοὺτος
2136 3897 2272 3979 τάχ’
2320 3898 2399 3959 ἂν
2444 3899 2756 3983 φρόνησιν
2811 3900 2879 3962 ὲν
2934 3899 3137 3979 τούτῳ

681 3988 866 4072 λάβοι
906 3989 915 4071 Ι
956 3989 1109 4072 aquo
1173 3988 1283 4051 τιν’
1349 3989 1498 4071 ἡμῖν
1563 3988 1631 4066 (Ι.
1680 3990 1718 4071 ἢ
1769 3989 1921 4068 νῦν).
2055 3986 2164 4050 τὸν
2210 3992 2364 4050 νοῦν
2413 4026 2494 4034 -
2542 3993 2671 4052 τῶν
2716 3986 2996 4071 φρενῶν]
3048 3987 3135 4050 Cf.

683 4078 917 4163 Adesp.
968 4080 1113 4142 240.
1180 4080 1601 4161 ἐξαφαιρεῒται
1665 4082 1971 4159 φρενῶν
2020 4075 2029 4157 Ι
2078 4076 2186 4139 τὸν
2248 4083 2430 4142 νοῦν
2504 4077 2612 4141 τὸν
2676 4077 2921 4141 ἐσθλόν.
2991 4079 3135 4139 321.

681 4167 911 4251 πηδῶν
975 4169 1011 4233 ὁ
1077 4168 1289 4250 θυμὸς
1351 4172 1480 4230 τῶν
1543 4173 1802 4250 φρενῶν
1867 4166 2186 4247 ἀνωτέρω.
2253 4167 2445 4231 Arist.
2493 4166 2637 4249 Lys.
2686 4167 2832 4230 432.
2890 4166 2968 4230 οὐ
3015 4166 3136 4248 γὰρ

680 4258 946 4341 μοχλῶν
992 4258 1092 4322 δεῖ
1128 4257 1371 4340 μᾶλλον
1417 4260 1455 4339 ἢ
1504 4264 1619 4320 νοῦ
1674 4257 1782 4319 καὶ
1836 4260 2109 4337 φρενῶν.
2167 4253 2324 4319 Rau.
2375 4258 2519 4320 534.
2571 4255 2807 4338 ἀνδρὸς
2861 4294 2935 4302 —
2985 4262 3138 4319 νοῦν

683 4349 936 4430 ἔχοντος
980 4347 1088 4410 καὶ
1134 4349 1387 4430 φρένας.
1442 4347 1549 4409 Th.
1599 4348 1745 4410 291.
1800 4345 1909 4408 καὶ
1961 4345 2397 4411 ποσθαλίσκον
2452 4352 2605 4410 νοῦν
2660 4346 2821 4429 ἔχειν
2875 4369 2984 4427 μοι
3031 4345 3139 4408 καὶ

682 4438 936 4519 φρένας.
1002 4436 1235 4500 Cratin.
1281 4435 1362 4499 II.
1414 4436 1514 4498 56.
1581 4438 1743 4519 ἥβης
1808 4435 2046 4518 ἐκείνης
2100 4441 2216 4499 νοῦ
2279 4436 2330 4498 τ’
2396 4437 2638 4501 ἐκείνου
2702 4435 2809 4499 καὶ
2864 4440 3137 4518 φρενῶν.

772 4526 981 4610 φέρει]
1030 4526 1119 4590 Cf.
1171 4526 1401 4608 Adesp.
1453 4526 1597 4588 519.
1655 4527 1733 4589 οῦ
1788 4526 1910 4609 χρὴ
1960 4525 2233 4608 ποδώκη
2281 4525 2389 4588 τὸν
2434 4526 2671 4606 τρόπον
2717 4524 2853 4587 λίαν
2898 4530 3135 4607 φορεῖν.
