3463 5287
1351 410 1741 475 Pntmcm'rsss
2643 393 2766 454 441

318 571 577 636 Lucian.
617 572 693 634 V.
741 570 823 635 H.
855 570 936 634 II.
972 571 1073 633 26.
1119 571 1284 653 βοήν
1329 585 1392 633 τε
1437 570 1588 651 ἵστη.
1637 569 1742 633 46.
1790 568 1954 652 βοὴν
2001 570 2253 633 ἱστάναι.
2304 570 2494 651 Arist.
2526 568 2771 633 Thesm.

319 660 466 724 696.
515 661 591 724 οὗ
637 659 876 743 πολλὴν
920 659 1082 742 βοὴν
1123 660 1131 741 Ι
1174 660 1477 742 στήσεσθε
1529 683 1642 734 -,·
1833 658 2091 743 ἵσταται]
2152 658 2341 742 Angl.
2391 661 2454 722 is
2501 665 2615 722 set
2664 680 2772 743 up.

503 750 688 813 1264.
735 756 846 812 τοῦ
878 748 1283 832 κεχρημένοι]
1333 747 1421 811 Cf.
1457 747 1604 811 Eur.
1637 748 1773 812 Ion.
1814 749 2000 811 1204.
2033 749 2341 830 πώματος
2372 750 2773 830 κεχρημέναι.
2800 813 2806 818 ,

316 842 573 904 Theocr.
609 842 713 920 25,
736 841 835 902 35.
883 839 1093 902 ἔνισπε
1142 876 1220 885 --
1259 835 1335 900 οὗ
1382 861 1546 908 τινος
1581 835 1713 902 ὧδε
1760 839 2154 921 κεχρημένος
2186 837 2575 918 εἰλήλουθας.
2630 839 2773 901 101.

323 930 716 1012 κεχρημένος
764 930 972 1010 ἔργου.

340 1082 345 1087 ,
502 1017 688 1081 1266.
735 1017 899 1099 πρὸς
943 1023 1193 1081 κακοῖσι
1238 1017 1592 1099 πέμποντες
1636 1016 1833 1100 κακά]
1884 1015 1972 1080 Cf.
2007 1016 2077 1080 Ο.
2110 1014 2184 1078 R.
2226 1015 2372 1078 666.
2422 1016 2491 1080 O.
2526 1016 2592 1079 C.
2629 1019 2773 1080 595.

315 1108 411 1171 Tr.
464 1109 611 1171 330.
679 1108 827 1170 Ant.
888 1108 1033 1170 595.
1099 1107 1324 1170 Aesch.
1393 1107 1561 1170 Pers,
1613 1107 1758 1168 531.
1823 1106 1913 1188 μὴ
1990 1107 2101 1169 καί
2169 1130 2222 1168 τι
2294 1104 2458 1186 πρὸς
2525 1112 2773 1170 κακοῖσι

320 1198 679 1279 προσθῆται
725 1196 943 1260 κακόν.
1008 1195 1149 1259 Hel.
1205 1196 1390 1259 1163.
1439 1195 1539 1258 ἐπὶ
1603 1195 1674 1258 δὲ
1728 1196 1942 1258 πάθεα
2000 1196 2234 1258 πάθεσι
2291 1196 2519 1276 φέρεις.
2586 1195 2772 1260 Here.

323 1288 509 1349 1075.
574 1285 739 1368 πρὸς
804 1285 872 1349 δὲ
938 1291 1163 1355 κακοῖς
1228 1284 1398 1349 κακὰ
1450 1287 1741 1368 μήσεται.
1816 1286 1999 1347 1213.
2056 1283 2226 1347 κακὰ
2283 1284 2497 1348 θέλων
2552 1292 2775 1355 κακοῖς

316 1377 612 1457 συνάψαι.
662 1374 1124 1438 Phoen.1704.
1160 1374 1293 1437 ἀλλ’
1336 1373 1374 1456 ἦ
1418 1373 1582 1456 πρὸς
1611 1380 1837 1444 κακοῖς
1867 1375 2025 1455 ἐρεῖς
2055 1374 2253 1444 κακά,
2249 1398 2261 1409 ·
2395 1374 2771 1458 πέμποντες]

319 1465 590 1547 Anglice
636 1465 1100 1547 conveying‚
1151 1463 1527 1547 bringing.
1608 1463 1697 1526 Cf.
1746 1464 1825 1527 ad
1876 1464 2022 1526 846.

501 1554 687 1617 1270.
737 1553 826 1616 Cf.
875 1554 1020 1616 961.
1068 1552 1254 1635 εἰμὴ
1304 1553 1536 1630 πάλιν1
1579 1554 1844 1634 γνώμην
1888 1554 2203 1634 μετοίσεις.
2256 1551 2347 1615 ΕΙ.
2388 1553 2572 1615 1046.
2623 1553 2773 1616 οὐδὲ

317 1643 643 1724 βουλεύσει
689 1642 907 1717 πάλιν,·
972 1643 1200 1706 Aesch.
1251 1640 1416 1725 Sept.
1470 1597 1653 1705 1042.
1719 1642 1890 1724 μηδέ
1952 1665 2042 1704 τω
2100 1641 2256 1723 δόξῃ
2315 1641 2518 1704 πάλιν.
2583 1642 2772 1715 Thuc.

317 1731 433 1795 III.
483 1732 586 1793 46.
643 1732 737 1801 ὡς
783 1733 902 1794 οὐκ
958 1733 1124 1794 ἔσται
1180 1735 1573 1825 μεταγνῶναι
1620 1732 1726 1794 καὶ
1778 1767 1857 1775 -
1904 1730 2017 1812 τὴν
2074 1731 2386 1811 ἁμαρτίαν
2431 1731 2775 1794 καταλῦσαι

320 1822 488 1900 (ἀπο.
501 1823 571 1896 P).
620 1818 799 1884 Delu.
847 1840 902 1902 p.
956 1822 1142 1883 1469.
1190 1845 1270 1902 ην
1316 1821 1669 1901 (ἁμαρτιᾞαι)
1713 1827 1807 1901 τῷ
1850 1823 2245 1900 μεταγνῶναι
2293 1820 2519 1882 λύσετε.

502 1912 689 1973 1273.
739 1908 872 1972 ἀλλ’
920 1911 996 1973 οὔ
1042 1934 1093 1972 τι
1139 1911 1270 1992 μὴν
1315 1908 1451 1992 νῦν]
1500 1908 1648 1972 Sub.
1696 1914 1977 1977 τοιοῦτος
2023 1909 2271 2019 ἔσομαι,
2344 1907 2431 1971 Cf.
2486 1909 2577 1973 ΕΙ.
2627 1897 2771 1971 817.

320 1998 451 2062 ἀλλ’
502 2000 578 2062 οὔ
625 2023 676 2061 τι
720 1998 852 2080 μὴν
897 2000 1099 2080 ἔγωγε
1129 2005 1239 2061 τοῦ
1272 1998 1495 2061 λοιποῦ
1542 1997 1829 2079 χρόνου
1822 1997 1830 2052 Ι
1872 1998 2165 2069 ξύνοικος
2195 1997 2407 2067 αὐτοῖς
2452 1998 2689 2079 (εἴσειμ’
2703 2000 2771 2077 22.)

504 2091 688 2151 1274.
735 2088 984 2168 μένοντι
1029 2087 1373 2170 καρτερεῖν]
1433 2085 1521 2149 Cf.
1570 2085 1718 2148 Eur.
1767 2085 1917 2149 HeC.
1973 2086 2160 2148 1223.
2217 2086 2385 2168 ἔχων
2434 2086 2504 2149 δὲ
2550 2110 2770 2168 καρτε-

321 2183 449 2257 ρεῖς
496 2177 577 2239 ἔτ’
625 2177 691 2243 ἔν
739 2177 978 2258 δόμοις.
1029 2176 1163 2240 Alc.
1203 2177 1388 2238 1078.
1431 2176 1591 2257 ῥᾷον
1637 2180 1961 2255 παραινεῖν
2008 2177 2046 2257 ἢ
2094 2175 2385 2238 παθόντα
2434 2182 2771 2259 καρτερεῖν.

318 2264 452 2348 Iph.
492 2265 556 2327 Τ.
595 2266 782 2328 1396.
830 2266 1210 2346 ἐκαρτέρουν
1254 2264 1418 2345 πρὸς
1463 2271 1636 2346 κῦμα
1685 2264 2085 2337 λακτίζοντες.

502 2355 688 2417 1276.
753 2354 960 2437 μάτην
1025 2391 1108 2399 --
1184 2352 1521 2436 εῖρησεται]
1598 2353 1689 2417 Cf.
1754 2354 1975 2418 Aesch.
2034 2354 2243 2417 Prom.
2307 2355 2493 2418 1007.
2569 2356 2772 2437 λέγων

317 2444 494 2506 ἔοικα
543 2442 742 2506 πολλὰ
790 2444 897 2506 καὶ
942 2444 1149 2527 μάτην
1195 2445 2807 2525 ἐρεῖν..

502 2534 689 2595 1277.
736 2533 843 2596 καὶ
888 2535 1051 2614 πέρα
1099 2532 1176 2614 γ’,
1224 2533 1372 2606 ἴσθ’,
1421 2536 1459 2614 ἢ
1507 2532 1697 2616 λέγω]
1748 2532 1837 2596 Cf.
1865 2510 1982 2595 Fr.
2037 2534 2180 2596 197.
2229 2532 2286 2596 (ἶ)
2332 2539 2460 2597 πᾶν
2507 2533 2584 2597 σὺ
2633 2534 2769 2597 τολ-

314 2624 573 2705 μήσασα
620 2623 726 2687 καὶ
771 2624 965 2704 πέρα,
1014 2623 1210 2705 γύναι.

502 2714 712 2776 1278.
737 2714 971 2796 ἤθελον
1020 2750 1101 2759 -—-
1150 2713 1251 2796 ἂν]
1302 2710 1387 2774 Cf.
1447 2714 1631 2775 1239.
1685 2715 1780 2795 Aj.
1830 2714 1931 2775 88.

501 2804 687 2865 1279.
735 2805 792 2865 εἰ
834 2803 902 2866 δὲ
947 2804 1038 2885 μή
1085 2827 1138 2865 τι
1183 2802 1347 2883 πρὸς
1392 2802 1620 2883 καιρὸν
1666 2803 1869 2883 λέγων
1914 2802 2122 2885 κυρῶ]
2173 2801 2263 2864 Cf.
2304 2802 2396 2866 ΕΙ.
2434 2805 2534 2865 31.
2583 2805 2640 2867 εἰ
2678 2805 2769 2886 μή

317 2916 368 2954 τι
409 2899 635 2974 καιροῦ
668 2893 985 2974 τυγχάνω,
1032 2892 1471 2973 μεθάρμοσον.
1512 2891 1606 2953 Tr.
1645 2892 1746 2953 59.
1782 2894 1843 2954 εἴ
1878 2892 1934 2953 τί
1976 2915 2075 2953 σοι
2120 2890 2283 2973 πρὸς
2329 2892 2556 2974 καιρὸν
2602 2894 2767 2955 ἐννέ-

318 3006 457 3045 πειν
505 2981 701 3044 δοκῶ.

500 3072 685 3133 1282.
735 3069 823 3133 Cf.
873 3070 965 3132 ΕΙ.
1017 3072 1162 3133 949.
1209 3070 1427 3153 λαβὼν
1473 3071 1878 3152 ἀπεστέρηκε.
1946 3069 2126 3152 Supr.
2163 3071 2305 3132 931.
2341 3071 2771 3153 ἀπεστέρηκας

316 3158 424 3221 τὸν
469 3160 610 3241 βίον
657 3159 728 3221 τὰ
777 3159 903 3232 τόξ’
950 3161 1129 3223 ἑλών.

501 3249 687 3310 1284.
737 3246 824 3309 Cf.
874 3251 1018 3311 Ant.
1055 3250 1155 3311 38.
1214 3249 1316 3311 εἴτ’
1366 3249 1599 3312 ἐσθλοῦ
1645 3249 1814 3331 κακή
1865 3248 2216 3330 (πέφυκας.)
2265 3250 2362 3330 Aj.
2402 3249 2542 3311 763.
2577 3250 2770 3319 ἄνους

318 3336 535 3405 καλῶς
581 3337 869 3418 λέγοντος
915 3338 1160 3420 ηὑρέθη
1209 3339 1461 3419 πατρός.

504 3427 689 3488 1285.
740 3425 828 3488 Cf.
865 3427 1007 3489 617.
1057 3424 1236 3491 Dem.
1286 3427 1364 3491 de
1412 3426 1548 3491 Cor.
1598 3427 1814 3508 §261
1863 3425 2069 3489 κακὸν
2114 3432 2336 3497 κακῶς
2382 3451 2451 3490 σε
2504 3428 2767 3508 μάλιστα

316 3513 436 3623 μὲν
469 3515 530 3576 οἳ
561 3514 726 3587 θεοὶ,
761 3517 963 3578 ἔπειτα
996 3513 1168 3579 οὗτοι
1200 3518 1452 3588 πάντες,
1502 3517 1888 3579 ἀπολέσειαν.
1935 3515 2240 3598 Theopbr.
2276 3516 2457 3579 Char.
2502 3519 2596 3580 18.
2644 3518 2768 3591 καὶ,

317 3603 466 3666 ὅταν
511 3605 637 3686 ἥκῃ
684 3628 770 3674 τις
815 3606 1224 3687 αἰτησόμενος
1280 3607 1656 3687 ἐκπώματα,
1710 3606 1974 3687 μάλιστα
2021 3604 2140 3686 μὲν
2192 3605 2283 3687 μὴ
2346 3606 2593 3679 δοῦναι,
2641 3608 2766 3669 κτλ.

313 3694 544 3757 Athen.
596 3692 777 3756 XIII.
828 3696 1052 3758 595A.
1099 3696 1362 3777 μάλιστα
1409 3695 1528 3776 μὲν
1575 3694 1701 3758 ὑπὸ
1748 3702 1857 3777 τῆς
1911 3694 2160 3764 πόλεως
2219 3695 2492 3777 δημοσίᾳ
2548 3720 2767 3759 κατεσ-

313 3785 708 3866 κευασμένσν
756 3786 1048 3866 (μνῆμα)·
1097 3787 1154 3848 εἰ
1196 3786 1265 3848 δὲ
1310 3785 1429 3867 μὴ,
1480 3785 1858 3866 δεδεγμένον
1903 3785 2517 3847 κατασκευάσασθαι.

498 3873 684 3935 1286.
731 3873 821 3955 μὴ
876 3873 1128 3956 ’πεύξῃ]
1179 3872 1266 3936 Cf.
1312 3875 1408 3937 Tr.
1459 3876 1605 3937 809.
1654 3874 2018 3956 ἐπεύχομαι.

500 3964 685 4025 1289.
736 3962 823 4026 Cf.
872 3963 952 4025 ad
1000 3963 1068 4027 O.
1105 3962 1175 4026 R.
1225 3964 1370 4026 830.
1419 3961 1476 4026 ὦ
1528 3964 1700 4027 θεῶν
1748 3963 1942 4044 ἁγνὸν
1987 3964 2191 4044 σέβας.
2242 3962 2390 4025 Eur.
2440 3962 2542 4026 Or.
2581 3965 2767 4026 1240.

315 4051 509 4133 Δίκης
555 4052 761 4133 σέβας.
810 4052 1037 4116 Aesoh.
1087 4051 1183 4115 Fr.
1230 4054 1369 4115 135.
1417 4054 1607 4135 σέβας
1655 4052 1724 4115 δὲ
1770 4057 2001 4134 μηρῶν
2048 4052 2241 4133 ἁγνὸν
2289 4053 2409 4115 οὐκ
2457 4053 2768 4134 ἐπῃδέσω.

313 4138 465 4201 Eur.
514 4139 616 4203 Fr.
664 4142 812 4203 443.
861 4139 919 4204 ὦ
964 4142 1259 4224 λαμπρὸς
1306 4142 1503 4223 αἰθὴρ
1551 4143 1795 4224 ἡμέρας
1842 4141 1909 4203 θ’
1958 4141 2151 4221 ἁγνὸν
2198 4143 2403 4222 σέβας.

498 4230 684 4293 1290.
734 4227 791 4293 ὦ
838 4230 1074 4312 φίλτατ’
1123 4232 1337 4304 εἰπὼν,
1385 4232 1442 4294 εἴ
1481 4231 1674 4312 λέγεις
1722 4230 2015 4313 ἐτήτυμα]
2067 4228 2150 4292 Cf.
2202 4230 2349 4292 Eur.
2399 4229 2533 4292 Ion.
2582 4231 2766 4293 1488.

314 4315 372 4380 ὦ
420 4317 655 4400 φίλτατ’
702 4320 965 4391 εἶποῦσ’,
1014 4321 1071 4383 εἰ
1111 4321 1303 4402 λέγεις
1351 4321 1637 4403 ἐτήτυμα.

498 4408 683 4470 1293.
733 4408 825 4478 ὡς
870 4409 1012 4472 θεοὶ
1060 4410 1434 4493 ξυνίστορες]
1486 4409 1575 4473 Cf.
1606 4408 1757 4472 Eur.
1789 4407 2001 4493 Suppl.
2041 4409 2224 4471 1174.
2267 4406 2429 4475 Ζεὺς
2463 4407 2768 4493 ξυνίστωρ

312 4498 385 4559 οἵ
418 4497 471 4558 τ’
519 4499 587 4559 ἐν
635 4498 896 4581 οὐρανῷ
941 4500 1098 4563 θεοί.
