3463 5287
1427 427 1724 473 Ama-mom:
2717 412 2801 474 87

349 585 494 657 τοὺς
537 586 1000 668 πολισσούχους
1045 586 1256 657 θεούς.
1325 586 1461 651 Alc.
1513 587 1702 650 1151.
1768 587 2008 671 εὐσέβει
2069 587 2213 670 περὶ
2259 589 2496 662 ξένους.
2561 589 2800 654 Phoen.

355 677 542 739 1331.
607 675 872 758 χθόνιον
936 676 1214 759 εὐσεβεῖν
1256 676 1429 741 θεόν.
1493 675 1630 740 Tro.
1681 678 1784 740 85.
1850 677 1942 748 ὡς
1987 678 2132 760 τᾶμ’
2180 676 2480 760 ἀνάκτορ’
2526 678 2801 762 εὐσεβεῖν

347 765 580 828 εἰόῶσι.
646 763 794 828 Eur.
851 763 950 828 Fr.
1009 766 1165 847 685,
1213 767 1270 828 3.
1334 766 1699 848 εὐσεβοῦσιν
1768 766 1856 837 εἰς
1917 767 2128 839 θεούς.
2195 763 2291 830 Fr.
2341 768 2491 844 252,
2542 768 2599 830 3.
2663 766 2801 832 τάδ’

347 854 472 918 ἐστὶ
516 854 805 937 χρήματ’,
851 856 933 938 ἤν
975 879 1062 925 τις
1093 855 1321 939 εὐσεβῆ
1352 855 1510 920 θεόν
1537 855 1791 940 (εὐσεβῆ
1825 858 1875 926 ’ς
1904 856 2079 930 θεόν,
2126 864 2237 921 aut
2273 854 2342 920 εὐ
2375 857 2527 940 σέβῃ
2561 857 2717 921 θεόν
2728 857 2798 936 Ρ).

531 945 674 1007 732.
722 944 815 1009 Cf.
859 943 957 1007 Tr.
1005 946 1155 1007 445.
1220 944 1370 1028 τῇδε
1431 951 1505 1027 τῇ
1552 945 1725 1027 νόσῳ
1769 952 1779 1026 Ι
1817 945 2133 1028 ληφθέντι.
2200 945 2432 1029 Adesp.
2482 947 2629 1008 296.
2688 946 2799 1009 ἀυ-

345 1034 624 1115 σπραξίᾳ
667 1033 951 1116 ληφθείς.
1087 1032 1297 1118 νόσῳ]
1347 1032 1434 1098 Cf.
1463 1036 1649 1098 1052.
1696 1034 1891 1098 Isocr.
1915 1033 2019 1098 Or.
2042 1033 2185 1098 XV.
2208 1037 2247 1118 ξ
2269 1035 2415 1098 265.
2463 1036 2802 1118 ζητοῦντας

344 1123 458 1207 τὴν
503 1122 694 1187 νόσον
737 1122 968 1206 ταύτην
1012 1121 1148 1206 (τὴν
1193 1123 1502 1206 ἀμαθίαν)
1549 1123 1893 1206 ὁιαφυγεῖν.

528 1212 672 1276 733.
721 1210 810 1275 cf.
858 1210 1010 1276 Eur.
1057 1212 1207 1277 Her.
1256 1214 1359 1277 81.
1423 1215 1497 1277 ἐκ
1558 1213 1723 1284 τίνος
1770 1219 1911 1296 γῆς,
1977 1210 2035 1277 ὦ
2083 1214 2288 1296 γέρον,
2344 1213 2739 1296 τετράπτολιν
2788 1209 2799 1301 Ι

345 1302 642 1376 ξύνοικον
704 1300 899 1384 ἦλθες
960 1301 1149 1380 λαόν,·
1283 1302 1623 1385 ὁμόπτολις
1682 1302 1875 1387 λεώς]
1942 1302 2033 1367 Cf.
2079 1301 2308 1368 Incert.
2357 1300 2528 1367 Stob.
2574 1302 2692 1367 XI.
2742 1305 2800 1366 2.

346 1392 615 1456 ἀλάθεια
661 1389 839 1456 θεῶν
884 1391 1209 1474 όμόπολις.

529 1483 672 1545 735.
720 1480 809 1545 Cf.
855 1481 1006 1545 Eur.
1055 1481 1308 1545 Phoen.·
1343 1483 1487 1544 725.
1533 1487 1676 1557 ποῖ,·
1728 1486 1877 1564 μῶν
1923 1482 2169 1556 νεάζων
2216 1482 2336 1564 οὐχ
2382 1482 2542 1564 όρᾷς
2586 1483 2627 1544 ἃ
2673 1483 2799 1565 χρή

344 1570 401 1633 σ’
448 1570 643 1652 όρᾶν,·
706 1571 938 1654 Adesp.
986 1572 1134 1634 452.
1198 1569 1270 1634 τὸ
1332 1572 1477 1635 νέον
1539 1571 1712 1634 ἅπαν
1765 1571 2018 1654 ὑψηλόν
2072 1572 2196 1635 ἐστι
2244 1572 2350 1635 καὶ
2395 1571 2627 1654 θρασύ.
2705 1571 2801 1635 De

345 1660 597 1742 duplice
643 1660 738 1731 ὥς
782 1660 861 1724 cf.
899 1659 997 1724 Tr.
1032 1661 1179 1724 394.
1226 1658 1321 1723 ΕΙ.
1361 1661 1546 1723 1341.
1595 1660 1910 1743 ἤγγειλας,
1957 1661 2053 1731 ὡς
2098 1662 2283 1734 ἔοικέ,
2329 1661 2401 1743 μ’
2433 1661 2527 1731 ὡς
2572 1660 2799 1744 τεθνη-

342 1750 517 1812 κότα.
567 1747 637 1813 Ο.
670 1749 741 1814 R.
791 1750 939 1812 922.

528 1838 673 1901 736.
722 1836 809 1901 Of.
857 1840 957 1922 Aj.
1010 1838 1197 1902 1367.
1333 1842 1373 1922 ἢ
1425 1837 1585 1923 ’μοὶ]
1636 1838 1725 1904 Cf.
1777 1840 1923 1903 557.

527 1927 670 1989 738.
719 1924 804 1989 Cf.
853 1926 1016 1991 Phil.
1066 1928 1211 1992 386.
1258 1928 1438 1999 πόλις
1485 1929 1606 2011 γάρ
1653 1929 1778 1993 ἔστι
1823 1933 1996 1994 πᾶσα
2042 1934 2172 1992 τῶν
2216 1929 2611 2011 ἡγουμένων.

527 2016 672 2080 739.
717 2016 934 2087 καλῶς
979 2017 1068 2100 γ’]
1128 2016 1218 2080 Of.
1266 2019 1456 2082 Arist.
1504 2017 1670 2081 Nub.
1722 2019 1867 2081 647.
1923 2019 2080 2102 ταχύ
2137 2021 2194 2101 γ’
2240 2021 2321 2082 ἂν
2368 2019 2589 2083 ὸύναιο
2634 2042 2801 2100 μαν-

341 2108 565 2172 θάνειν
609 2106 753 2189 περὶ
799 2106 1093 2190 ῥυθμῶν.
1141 2106 1311 2172 Ecel.
1361 2107 1507 2170 806.
1563 2108 1734 2171 πάνυ
1782 2108 1840 2190 γ’
1887 2109 1967 2171 ἂν
2021 2106 2137 2172 οὐν
2174 2108 2572 2191 Ἀντισθένης
2611 2106 2620 2192 Ι
2662 2106 2801 2171 αὔτ’

342 2198 699 2278 εἰσενέγκοι.

526 2286 673 2349 740.
722 2283 810 2349 Of.
854 2284 952 2349 Tr.
1004 2286 1192 2349 1238.

526 2377 671 2438 742.
720 2374 822 2438 aad
889 2375 1069 2457 ὀίκης
1131 2374 1249 2439 ἰὼν
1311 2373 1529 2459 πατρί]
1597 2373 1685 2438 Cf.
1736 2373 1806 2439 Ο.
1839 2375 1911 2440 R.
1962 2372 2268 2446 773³ch
2325 2376 2518 2459 τύχης
2560 2376 2800 2440 τοιᾶσδ’

342 2467 476 2530 ἰών.
543 2462 645 2528 Fr.
693 2464 841 2547 470,
890 2466 945 2526 5.
1009 2465 1262 2547 βροτοῖς
1309 2501 1391 2510 -
1441 2464 1654 2528 ἐλθὼν
1717 2465 1783 2535 ἔς
1844 2464 2053 2547 λόγον.
2124 2465 2319 2530 Thuc.
2370 2464 2477 2528 VI.
2528 2466 2630 2529 61.
2698 2464 2800 2529 διὰ

344 2556 527 2638 δίκης
572 2554 793 2618 ἐλθεῖν.
841 2553 1068 2618 Aesch.
1105 2553 1203 2616 Pr.
1243 2553 1385 2616 120.
1431 2553 1540 2617 τὸν
1583 2558 1737 2618 πᾶσι
1767 2554 1943 2626 θεοῖς
1982 2555 1993 2639 Ι
2037 2553 2116 2618 δι’
2149 2554 2492 2637 ἀπεχθείας
2522 2554 2800 2619 ἐλθόνθ’.

343 2646 495 2710 Eur.
543 2643 732 2709 Herc.
782 2645 929 2707 220.
985 2642 1071 2714 εἷς
1124 2643 1320 2707 ἅπασι
1368 2643 1469 2707 ded
1515 2643 1728 2728 μάχης
1772 2645 2010 2726 μολών.
2067 2643 2304 2709 Phoen.
2353 2646 2500 2708 489.
2556 2645 2664 2708 καὶ
2708 2647 2799 2727 μὴ

345 2736 424 2798 δι’
470 2735 714 2817 ἔχθρας
757 2733 923 2817 τῷόε
967 2733 1075 2797 καὶ
1120 2734 1328 2816 φόνου
1374 2734 1613 2815 μολών.
1662 2735 1796 2818 Iph.
1829 2736 1905 2797 A.
1946 2735 2131 2798 1393.
2182 2733 2283 2798 διὰ
2329 2735 2542 2817 μάχης
2585 2734 2804 2816 μολεῖν

343 2830 537 2888 πᾶσιν
572 2823 866 2905 Ἀργεῖος.
914 2823 1115 2886 Andr.
1149 2822 1296 2886 416.
1344 2823 1532 2905 πατρὶ
1575 2830 1668 2905 τῷ
1713 2831 1812 2906 σῷ
1859 2824 1959 2887 διὰ
2007 2824 2385 2907 φιλημάτων
2430 2824 2563 2887 ἰὼν.
2611 2823 2801 2907 Hipp.

349 2915 537 2976 1164.
588 2911 667 2976 (δι’
713 2913 954 2997 ἔχθρας
1002 2951 1084 2960 -
1133 2913 1496 2995 ἀφιγμένος.
1553 2911 1712 2975 Plat.
1768 2912 1992 2996 Theag.
2048 2933 2106 2996 p.
2170 2914 2296 2977 130
2332 2912 2400 2975 Β.
2455 2919 2531 2995 τῇ
2576 2936 2801 2995 προτε-

342 3005 494 3087 ραίᾳ
539 3025 651 3084 μοι
699 3002 777 3066 (δι’
825 3002 1170 3085 ἀπεχθείας
1216 3039 1299 3048 -
1350 3001 1638 3084 ἐγεγόνει.

528 3092 656 3154 743
688 3111 780 3175 sq.
830 3089 916 3154 Of.
970 3092 1158 3155 1056.
1205 3090 1301 3154 ΕΙ.
1351 3092 1475 3155 307
1513 3110 1603 3174 sq.
1655 3090 1751 3171 Aj.
1804 3091 1991 3154 1350.

530 3181 675 3244 743.
723 3180 812 3245 Cf.
858 3182 959 3263 Aj.
1012 3180 1198 3244 1096.
1244 3181 1490 3244 τοιαῦθ’
1539 3179 2009 3263 ἁμαρτάνουσιν
2059 3217 2137 3225 -
2188 3181 2327 3263 ἔπη.

529 3271 673 3332 745.
719 3270 902 3352 τιμὰς
934 3307 1016 3318 -
1050 3269 1292 3353 πατῶν]
1347 3269 1396 3332 Ι.
1446 3289 1504 3352 q.
1550 3274 1951 3333 καταπατῶν.
2029 3269 2116 3333 Cf.
2169 3270 2264 3352 Aj.
2320 3270 2505 3332 1335.
2552 3269 2664 3352 τὴν
2711 3269 2802 3332 ὀί-

343 3384 468 3443 κην
513 3365 743 3422 πατεῖν.
793 3357 979 3443 Soph.
1027 3359 1125 3423 Fr.
1176 3359 1319 3422 606.
1366 3359 1547 3429 πόλις
1586 3359 1706 3450 Ιθέν
1750 3356 1795 3442 ᾖ
1839 3357 1912 3421 τὰ
1967 3358 2087 3441 μὲν
2145 3359 2355 3423 δίκαια
2401 3359 2508 3422 καὶ
2553 3358 2625 3422 τὰ
2673 3360 2801 3423 σώ-

344 3472 559 3532 φρονα
601 3449 611 3530 Ι
651 3448 891 3532 λάγόην
935 3454 1235 3520 πατεῖται,
1284 3453 1398 3513 etc.
1447 3447 1636 3513 Hom.
1682 3447 1755 3511 11.
1789 3450 1850 3530 4,
1890 3450 2032 3511 157.
2080 3447 2237 3511 κατὰ
2288 3448 2346 3512 δ’
2395 3449 2580 3530 ὅρκια
2619 3448 2802 3512 πιστὰ

342 3541 651 3621 πάτησαν.
717 3537 873 3601 Plat.
924 3536 1111 3620 Gorg.
1159 3540 1289 3601 484
1323 3541 1400 3600 A.
1455 3538 1684 3602 Aesch.
1734 3539 1850 3621 Ag.
1901 3538 2047 3600 378.
2106 3538 2226 3600 οὐκ
2285 3538 2409 3620 ἔφα
2467 3562 2554 3607 τις
2609 3537 2805 3608 θεοὺς

343 3631 600 3712 βροτῶν
645 3628 985 3701 ἀξιοῦσθαι
1028 3627 1238 3710 μέλειν
1283 3627 1457 3697 ὅσοις
1494 3627 1778 3691 ἀθίκτων
1825 3627 2008 3709 χάρις
2052 3632 2323 3690 πατοῖτο.
2377 3628 2564 3690 1357.
2611 3627 2804 3690 Arist.

345 3719 539 3802 Vesp.
590 3719 736 3780 377.
783 3715 862 3780 ἵν’
907 3717 1045 3801 εἰόῇ
1088 3716 1180 3799 μὴ
1228 3722 1443 3780 πατεῖν
1487 3722 1617 3781 τοῖν
1662 3716 1840 3779 θεοῖν
1885 3718 2283 3799 ψηφίσματα.

531 3807 675 3870 746.
723 3803 782 3871 ὦ
825 3806 1063 3889 μιαρὸν
1125 3805 1323 3891 ἦθος]
1390 3805 1479 3869 Cf.
1540 3804 1611 3869 O.
1646 3804 1711 3869 C.
1773 3805 1939 3870 960..
1985 3804 2043 3869 ὦ
2107 3806 2253 3889 λῆμ’
2320 3805 2589 3875 ἀναιόές.
2656 3803 2803 3869 863.

345 3895 407 3962 ὦ
454 3895 697 3979 φθέγμ’
744 3896 1011 3965 ἀναιόές.
1078 3896 1269 3960 Arist.
1316 3895 1472 3959 Rau.
1523 3895 1667 3957 571.
1734 3891 1792 3958 ὦ
1836 3894 2036 3976 μιαρὰ
2085 3896 2355 3977 φάρυγξ.
2520 3893 2805 3980 ὕστερον]

347 3986 441 4051 Cf.
489 3986 651 4051 Phil.
707 3987 849 4049 181.
898 3984 1161 4055 οὐόενός
1206 3986 1481 4066 ὕστερος.

531 4077 674 4139 747.
722 4074 812 4139 Cf.
860 4075 1088 4140 Aesch.
1136 4075 1255 4158 Ag.
1305 4075 1449 4137 331.
1508 4074 1586 4137 οὐ
1632 4075 1745 4135 τᾶν
1799 4073 2042 4145 ἑλόντες
2088 4070 2279 4144 αὖθις
2325 4073 2663 4155 ἀνθαλῴεν
2709 4074 2804 4136 ἄν.

343 4166 497 4229 Eur.
546 4163 711 4229 Med.
760 4163 908 4227 867.
956 4165 1034 4227 οὔ
1079 4164 1192 4226 τᾶν
1237 4164 1540 4246 ἁμάρτοις
1585 4162 1774 4226 τοῦδέ
1819 4161 1893 4244 γ’.
1944 4164 2076 4248 Iph.
2123 4163 2200 4227 A.
2235 4163 2380 4226 961.
2430 4162 2648 4226 ἔόωκα
2694 4164 2807 4226 τᾶν

332 4254 643 4336 “Eunoen
713 4253 903 4316 Arist.
958 4251 1116 4316 Ran.
1174 4254 1320 4316 488.
1387 4254 1463 4316 οὔ
1527 4253 1640 4315 τᾶν
1713 4253 1925 4334 ἕτερός
1991 4253 2048 4335 γ’
2113 4251 2248 4316 αὔτ’
2313 4251 2626 4334 εἰργάσατ’
2693 4260 2806 4318 etc.

435 4346 617 4427 ἥσσω
666 4378 748 4389 -
797 4347 926 4405 τῶν
990 4341 1296 4425 αἰσχρῶν]
1363 4341 1454 4406 Cf.
1515 4344 1610 4425 Aj.
1675 4343 1864 4405 1339.
1939 4343 2017 4405 οὔ
2092 4342 2206 4403 τᾶν
2280 4341 2647 4424 ἀτιμάσαιμ’
2710 4341 2806 4404 ἄν.

345 4433 533 4517 Soph.
581 4430 680 4494 Fr.
730 4431 875 4493 668.
931 4436 1057 4501 πᾶς
1103 4430 1396 4501 οἰνωθεὶς
1441 4431 1604 4514 ἀνὴρ
1645 4431 1654 4514 Ι
1696 4433 1916 4514 ἥσσων
1960 4430 2079 4513 μὲν
2127 4430 2323 4513 ὀργῆς
2369 4431 2521 4504 ἐστι,
2576 4436 2687 4495 τοῦ
2738 4430 2806 4494 ὀὲ

347 4529 462 4588 νοῦ
508 4521 710 4594 κενός.
759 4521 950 4586 Arist.
999 4519 1091 4584 Pl.
1125 4521 1271 4584 363.
1319 4520 1452 4586 ἀλλ’
1500 4521 1613 4586 εἰσὶ
1657 4527 1771 4586 τοῦ
1817 4521 2089 4606 κέρδους
2135 4521 2404 4591 ἅπαντες
2449 4521 2715 4607 ἥττονες.
