<?xml version="1.0" encoding="UTF-8"?>
<!DOCTYPE html PUBLIC "-//W3C//DTD XHTML 1.0 Transitional//EN"
    "http://www.w3.org/TR/xhtml1/DTD/xhtml1-transitional.dtd">
<html xmlns="http://www.w3.org/1999/xhtml" xml:lang="en" lang="en">
 <head>
  <title>
</title>
<meta http-equiv="Content-Type" content="text/html;charset=utf-8" />
  <meta name='ocr-system' content='tesseract 3.04.00' />
  <meta name='ocr-capabilities' content='ocr_page ocr_carea ocr_par ocr_line ocrx_word'/>
</head>
<body>
  <div class='ocr_page' id='page_1' title='image "./spicilegiumsoph01blaygoog_0086.png"; bbox 0 0 3463 5287; ppageno 0'>
   <div class='ocr_carea' id='block_1_1' title="bbox 626 392 1998 457">
    <p class='ocr_par' dir='ltr' id='par_1_1' title="bbox 626 392 1998 457">
     <span class='ocr_line' id='line_1_1' title="bbox 626 392 1998 457; baseline 0.001 -3"><span class='ocrx_word' id='word_1_1' title='bbox 626 392 709 455; x_wconf 89' lang='grc'><strong><em>74</em></strong></span> <span class='ocrx_word' id='word_1_2' title='bbox 1696 410 1998 457; x_wconf 55' lang='lat' dir='ltr'><strong>Ammona</strong></span> 
     </span>
    </p>
   </div>
   <div class='ocr_carea' id='block_1_2' title="bbox 616 569 3080 1193">
    <p class='ocr_par' dir='ltr' id='par_1_2' title="bbox 616 569 3080 1193">
     <span class='ocr_line' id='line_1_2' title="bbox 802 569 3076 655; baseline 0 -21"><span class='ocrx_word' id='word_1_3' title='bbox 802 572 947 635; x_wconf 89' lang='lat'><strong>564.</strong></span> <span class='ocrx_word' id='word_1_4' title='bbox 995 576 1148 643; x_wconf 82' lang='grc' dir='ltr'><strong><em>νοῦς</em></strong></span> <span class='ocrx_word' id='word_1_5' title='bbox 1197 607 1275 617; x_wconf 86' lang='lat'><strong><em>--</em></strong></span> <span class='ocrx_word' id='word_1_6' title='bbox 1326 569 1660 654; x_wconf 81' lang='grc' dir='ltr'><strong><em>ἐξίσταται]</em></strong></span> <span class='ocrx_word' id='word_1_7' title='bbox 1728 570 1818 635; x_wconf 84' lang='lat' dir='ltr'><strong><em>Cf.</em></strong></span> <span class='ocrx_word' id='word_1_8' title='bbox 1870 571 2058 636; x_wconf 95' lang='grc'><strong>1105.</strong></span> <span class='ocrx_word' id='word_1_9' title='bbox 2122 570 2287 636; x_wconf 89' lang='lat' dir='ltr'><strong>Phil.</strong></span> <span class='ocrx_word' id='word_1_10' title='bbox 2335 570 2483 634; x_wconf 88' lang='lat'><strong>865.</strong></span> <span class='ocrx_word' id='word_1_11' title='bbox 2531 571 2875 655; x_wconf 81' lang='grc' dir='ltr'><strong><em>ἀφεστάναι</em></strong></span> <span class='ocrx_word' id='word_1_12' title='bbox 2918 595 3076 654; x_wconf 78' lang='grc' dir='ltr'><strong><em>φρε-</em></strong></span> 
     </span>
     <span class='ocr_line' id='line_1_3' title="bbox 620 659 3080 745; baseline -0 -20"><span class='ocrx_word' id='word_1_13' title='bbox 620 666 771 725; x_wconf 89' lang='grc' dir='ltr'><strong><em>νῶν.</em></strong></span> <span class='ocrx_word' id='word_1_14' title='bbox 818 661 970 725; x_wconf 87' lang='lat' dir='ltr'><strong>Eur.</strong></span> <span class='ocrx_word' id='word_1_15' title='bbox 1017 660 1152 745; x_wconf 93' lang='lat' dir='ltr'><strong>Iph.</strong></span> <span class='ocrx_word' id='word_1_16' title='bbox 1201 662 1276 725; x_wconf 88' lang='lat' dir='ltr'><strong><em>A.</em></strong></span> <span class='ocrx_word' id='word_1_17' title='bbox 1329 661 1473 725; x_wconf 84' lang='lat'><strong>135.</strong></span> <span class='ocrx_word' id='word_1_18' title='bbox 1539 662 1739 743; x_wconf 83' lang='grc' dir='ltr'><strong><em>οἴμοι,</em></strong></span> <span class='ocrx_word' id='word_1_19' title='bbox 1787 662 2051 743; x_wconf 82' lang='grc' dir='ltr'><em>γνώμας</em></span> <span class='ocrx_word' id='word_1_20' title='bbox 2097 660 2365 734; x_wconf 85' lang='grc' dir='ltr'><strong><em>ἐξέσταν.</em></strong></span> <span class='ocrx_word' id='word_1_21' title='bbox 2432 659 2538 725; x_wconf 89' lang='lat' dir='ltr'><strong><em>Or.</em></strong></span> <span class='ocrx_word' id='word_1_22' title='bbox 2589 661 2778 725; x_wconf 87' lang='lat'><strong>1019.</strong></span> <span class='ocrx_word' id='word_1_23' title='bbox 2826 660 3080 745; x_wconf 79' lang='grc' dir='ltr'><strong><em>ἐξέστην</em></strong></span> 
     </span>
     <span class='ocr_line' id='line_1_4' title="bbox 619 749 3076 834; baseline 0 -20"><span class='ocrx_word' id='word_1_24' title='bbox 619 754 893 834; x_wconf 82' lang='grc' dir='ltr'><strong><em>φρενῶν.</em></strong></span> <span class='ocrx_word' id='word_1_25' title='bbox 956 750 1188 816; x_wconf 79' lang='lat' dir='ltr'><strong>Bacch.</strong></span> <span class='ocrx_word' id='word_1_26' title='bbox 1238 751 1384 814; x_wconf 87' lang='grc'><strong>359.</strong></span> <span class='ocrx_word' id='word_1_27' title='bbox 1446 751 1740 834; x_wconf 79' lang='grc' dir='ltr'><strong><em>μέμηνας</em></strong></span> <span class='ocrx_word' id='word_1_28' title='bbox 1802 750 1927 833; x_wconf 87' lang='grc' dir='ltr'><strong><em>ἤδη</em></strong></span> <span class='ocrx_word' id='word_1_29' title='bbox 1992 749 2100 814; x_wconf 74' lang='grc' dir='ltr'><strong><em>καὶ</em></strong></span> <span class='ocrx_word' id='word_1_30' title='bbox 2162 749 2311 832; x_wconf 68' lang='grc' dir='ltr'><strong><em>πρὶν</em></strong></span> <span class='ocrx_word' id='word_1_31' title='bbox 2364 749 2615 832; x_wconf 80' lang='grc' dir='ltr'><strong><em>ἐξέστης</em></strong></span> <span class='ocrx_word' id='word_1_32' title='bbox 2660 749 2730 832; x_wconf 92' lang='grc' dir='ltr'><strong><em>(Ι.</em></strong></span> <span class='ocrx_word' id='word_1_33' title='bbox 2778 750 3076 829; x_wconf 77' lang='grc' dir='ltr'><strong><em>ἐξεστὼς)</em></strong></span> 
     </span>
     <span class='ocr_line' id='line_1_5' title="bbox 619 834 3075 922; baseline 0 -18"><span class='ocrx_word' id='word_1_34' title='bbox 619 844 895 922; x_wconf 83' lang='grc' dir='ltr'><strong><em>φρενῶν.</em></strong></span> <span class='ocrx_word' id='word_1_35' title='bbox 959 834 1112 904; x_wconf 83' lang='lat' dir='ltr'><strong>Eur.</strong></span> <span class='ocrx_word' id='word_1_36' title='bbox 1160 838 1258 905; x_wconf 82' lang='lat' dir='ltr'><strong><em>Fr.</em></strong></span> <span class='ocrx_word' id='word_1_37' title='bbox 1306 839 1454 903; x_wconf 87' lang='grc'><strong><em>265.</em></strong></span> <span class='ocrx_word' id='word_1_38' title='bbox 1517 845 1633 903; x_wconf 89' lang='grc' dir='ltr'><strong><em>νῢν</em></strong></span> <span class='ocrx_word' id='word_1_39' title='bbox 1698 837 1758 903; x_wconf 83' lang='grc' dir='ltr'><strong><em>δ’</em></strong></span> <span class='ocrx_word' id='word_1_40' title='bbox 1803 840 1950 922; x_wconf 81' lang='grc' dir='ltr'><strong><em>(νοῦ</em></strong></span> <span class='ocrx_word' id='word_1_41' title='bbox 2000 839 2058 903; x_wconf 91' lang='grc' dir='ltr'><strong><em>δ’</em></strong></span> <span class='ocrx_word' id='word_1_42' title='bbox 2106 837 2321 904; x_wconf 84' lang='lat' dir='ltr'><strong>Cobet.</strong></span> <span class='ocrx_word' id='word_1_43' title='bbox 2368 838 2644 919; x_wconf 82' lang='lat' dir='ltr'><strong>Nauck.)</strong></span> <span class='ocrx_word' id='word_1_44' title='bbox 2707 838 2879 911; x_wconf 80' lang='grc' dir='ltr'><strong><em>οἶνος</em></strong></span> <span class='ocrx_word' id='word_1_45' title='bbox 2942 839 3075 913; x_wconf 81' lang='grc' dir='ltr'><strong><em>ἐξέ-</em></strong></span> 
     </span>
     <span class='ocr_line' id='line_1_6' title="bbox 619 926 3078 1013; baseline 0 -20"><span class='ocrx_word' id='word_1_46' title='bbox 619 929 806 1013; x_wconf 85' lang='grc' dir='ltr'><strong><em>στησέ</em></strong></span> <span class='ocrx_word' id='word_1_47' title='bbox 846 928 935 1013; x_wconf 90' lang='grc' dir='ltr'><strong><em>μ’.</em></strong></span> <span class='ocrx_word' id='word_1_48' title='bbox 1000 926 1167 993; x_wconf 88' lang='lat' dir='ltr'><strong>Xen.</strong></span> <span class='ocrx_word' id='word_1_49' title='bbox 1216 928 1363 1012; x_wconf 77' lang='lat' dir='ltr'><strong>Gyr.</strong></span> <span class='ocrx_word' id='word_1_50' title='bbox 1408 928 1524 993; x_wconf 89' lang='grc' dir='ltr'><strong><em>ΠΙ.</em></strong></span> <span class='ocrx_word' id='word_1_51' title='bbox 1574 929 1631 991; x_wconf 84' lang='grc'><strong><em>3.</em></strong></span> <span class='ocrx_word' id='word_1_52' title='bbox 1682 930 1783 992; x_wconf 90' lang='grc'><strong><em>54.</em></strong></span> <span class='ocrx_word' id='word_1_53' title='bbox 1848 930 1916 993; x_wconf 80' lang='grc' dir='ltr'><strong><em>ἐν</em></strong></span> <span class='ocrx_word' id='word_1_54' title='bbox 1978 926 2039 1012; x_wconf 79' lang='grc' dir='ltr'><em>ᾤ</em></span> <span class='ocrx_word' id='word_1_55' title='bbox 2102 928 2430 1011; x_wconf 85' lang='grc' dir='ltr'><strong><em>(πολέμῳ)</em></strong></span> <span class='ocrx_word' id='word_1_56' title='bbox 2492 928 2716 993; x_wconf 81' lang='grc' dir='ltr'><strong><em>πολλοὶ</em></strong></span> <span class='ocrx_word' id='word_1_57' title='bbox 2775 928 2886 993; x_wconf 80' lang='grc' dir='ltr'><strong><em>καὶ</em></strong></span> <span class='ocrx_word' id='word_1_58' title='bbox 2945 934 3078 993; x_wconf 87' lang='grc' dir='ltr'><strong><em>τῶν</em></strong></span> 
     </span>
     <span class='ocr_line' id='line_1_7' title="bbox 616 1017 3078 1103; baseline 0 -20"><span class='ocrx_word' id='word_1_59' title='bbox 616 1019 909 1083; x_wconf 85' lang='grc' dir='ltr'><strong><em>παλαιῶν</em></strong></span> <span class='ocrx_word' id='word_1_60' title='bbox 952 1018 1364 1103; x_wconf 77' lang='grc' dir='ltr'><strong><em>μαθημάτων</em></strong></span> <span class='ocrx_word' id='word_1_61' title='bbox 1409 1018 1762 1093; x_wconf 76' lang='grc' dir='ltr'><strong><em>ἐξίστανται.</em></strong></span> <span class='ocrx_word' id='word_1_62' title='bbox 1830 1018 1983 1083; x_wconf 90' lang='lat' dir='ltr'><strong>Hor.</strong></span> <span class='ocrx_word' id='word_1_63' title='bbox 2031 1018 2144 1103; x_wconf 83' lang='lat' dir='ltr'><strong>Ep.</strong></span> <span class='ocrx_word' id='word_1_64' title='bbox 2191 1018 2240 1082; x_wconf 94' lang='lat' dir='ltr'><strong><em>I.</em></strong></span> <span class='ocrx_word' id='word_1_65' title='bbox 2293 1019 2391 1081; x_wconf 94' lang='lat'><strong><em>12.</em></strong></span> <span class='ocrx_word' id='word_1_66' title='bbox 2444 1018 2543 1082; x_wconf 87' lang='grc'><strong>13.</strong></span> <span class='ocrx_word' id='word_1_67' title='bbox 2591 1017 2772 1083; x_wconf 83' lang='lat' dir='ltr'><strong>‘dum</strong></span> <span class='ocrx_word' id='word_1_68' title='bbox 2816 1037 3078 1103; x_wconf 77' lang='lat' dir='ltr'>peregre</span> 
     </span>
     <span class='ocr_line' id='line_1_8' title="bbox 618 1107 1777 1193; baseline -0.003 -19"><span class='ocrx_word' id='word_1_69' title='bbox 618 1115 717 1174; x_wconf 84' lang='lat' dir='ltr'><strong><em>est</em></strong></span> <span class='ocrx_word' id='word_1_70' title='bbox 759 1108 1012 1173; x_wconf 79' lang='lat' dir='ltr'><strong>animus</strong></span> <span class='ocrx_word' id='word_1_71' title='bbox 1057 1109 1196 1174; x_wconf 81' lang='lat' dir='ltr'><strong>sine</strong></span> <span class='ocrx_word' id='word_1_72' title='bbox 1240 1127 1504 1193; x_wconf 83' lang='lat' dir='ltr'><strong>corpore</strong></span> <span class='ocrx_word' id='word_1_73' title='bbox 1549 1107 1777 1173; x_wconf 67' lang='lat' dir='ltr'><strong>velox!</strong></span> 
     </span>
    </p>
   </div>
   <div class='ocr_carea' id='block_1_3' title="bbox 705 1214 3078 1465">
    <p class='ocr_par' dir='ltr' id='par_1_3' title="bbox 705 1214 3078 1465">
     <span class='ocr_line' id='line_1_9' title="bbox 799 1214 3077 1299; baseline 0.003 -19"><span class='ocrx_word' id='word_1_74' title='bbox 799 1215 944 1280; x_wconf 87' lang='grc'><strong>566.</strong></span> <span class='ocrx_word' id='word_1_75' title='bbox 993 1214 1086 1281; x_wconf 83' lang='lat' dir='ltr'><strong><em>Of.</em></strong></span> <span class='ocrx_word' id='word_1_76' title='bbox 1135 1216 1281 1280; x_wconf 84' lang='lat'><strong>584.</strong></span> <span class='ocrx_word' id='word_1_77' title='bbox 1336 1217 1436 1299; x_wconf 81' lang='lat' dir='ltr'><strong>Aj.</strong></span> <span class='ocrx_word' id='word_1_78' title='bbox 1486 1216 1631 1279; x_wconf 87' lang='lat'><strong>393.</strong></span> <span class='ocrx_word' id='word_1_79' title='bbox 1694 1216 1755 1278; x_wconf 85' lang='grc' dir='ltr'><strong><em>τί</em></strong></span> <span class='ocrx_word' id='word_1_80' title='bbox 1813 1214 1936 1299; x_wconf 83' lang='grc' dir='ltr'><strong><em>γὰρ</em></strong></span> <span class='ocrx_word' id='word_1_81' title='bbox 2003 1216 2102 1281; x_wconf 81' lang='grc' dir='ltr'><strong><em>δεῖ</em></strong></span> <span class='ocrx_word' id='word_1_82' title='bbox 2157 1218 2274 1299; x_wconf 86' lang='grc' dir='ltr'><strong><em>ζῆν</em></strong></span> <span class='ocrx_word' id='word_1_83' title='bbox 2333 1239 2418 1298; x_wconf 82' lang='grc' dir='ltr'><strong><em>με</em></strong></span> <span class='ocrx_word' id='word_1_84' title='bbox 2480 1220 2598 1279; x_wconf 87' lang='grc' dir='ltr'><strong><em>σοῦ</em></strong></span> <span class='ocrx_word' id='word_1_85' title='bbox 2660 1214 3077 1298; x_wconf 80' lang='grc' dir='ltr'><strong><em>τεθνηκότος;</em></strong></span> 
     </span>
     <span class='ocr_line' id='line_1_10' title="bbox 705 1304 2274 1389; baseline -0.001 -19"><span class='ocrx_word' id='word_1_86' title='bbox 705 1306 1042 1389; x_wconf 82' lang='grc' dir='ltr'><strong><em>βιώσιμον]</em></strong></span> <span class='ocrx_word' id='word_1_87' title='bbox 1090 1304 1178 1370; x_wconf 81' lang='lat' dir='ltr'><strong>cf.</strong></span> <span class='ocrx_word' id='word_1_88' title='bbox 1226 1305 1378 1369; x_wconf 87' lang='lat' dir='ltr'><strong>Eur.</strong></span> <span class='ocrx_word' id='word_1_89' title='bbox 1423 1304 1576 1369; x_wconf 90' lang='lat' dir='ltr'><strong>Her.</strong></span> <span class='ocrx_word' id='word_1_90' title='bbox 1625 1304 1774 1369; x_wconf 89' lang='grc'><strong>606.</strong></span> <span class='ocrx_word' id='word_1_91' title='bbox 1820 1304 1899 1369; x_wconf 83' lang='grc' dir='ltr'><strong><em>οὗ</em></strong></span> <span class='ocrx_word' id='word_1_92' title='bbox 1944 1305 2274 1389; x_wconf 86' lang='grc' dir='ltr'><strong><em>βιώσιμον.</em></strong></span> 
     </span>
     <span class='ocr_line' id='line_1_11' title="bbox 797 1392 3078 1465; baseline -0 -6"><span class='ocrx_word' id='word_1_93' title='bbox 797 1396 945 1460; x_wconf 91' lang='grc'><strong>567.</strong></span> <span class='ocrx_word' id='word_1_94' title='bbox 993 1393 1083 1459; x_wconf 84' lang='lat' dir='ltr'><strong><em>Cf.</em></strong></span> <span class='ocrx_word' id='word_1_95' title='bbox 1129 1394 1225 1459; x_wconf 86' lang='grc' dir='ltr'><strong><em>ΕΙ.</em></strong></span> <span class='ocrx_word' id='word_1_96' title='bbox 1273 1395 1420 1458; x_wconf 91' lang='grc'><strong>525.</strong></span> <span class='ocrx_word' id='word_1_97' title='bbox 1498 1392 1739 1459; x_wconf 72' lang='lat' dir='ltr'><strong>Similis</strong></span> <span class='ocrx_word' id='word_1_98' title='bbox 1801 1412 2024 1458; x_wconf 83' lang='lat' dir='ltr'><strong>versus</strong></span> <span class='ocrx_word' id='word_1_99' title='bbox 2087 1400 2186 1460; x_wconf 79' lang='lat' dir='ltr'><strong><em>est</em></strong></span> <span class='ocrx_word' id='word_1_100' title='bbox 2244 1394 2397 1459; x_wconf 87' lang='lat' dir='ltr'><strong>Eur.</strong></span> <span class='ocrx_word' id='word_1_101' title='bbox 2445 1393 2548 1458; x_wconf 87' lang='lat' dir='ltr'><strong>Or.</strong></span> <span class='ocrx_word' id='word_1_102' title='bbox 2598 1395 2744 1458; x_wconf 86' lang='lat'><strong>592.</strong></span> <span class='ocrx_word' id='word_1_103' title='bbox 2800 1392 2934 1458; x_wconf 84' lang='grc' dir='ltr'><strong><em>ἀλλ’</em></strong></span> <span class='ocrx_word' id='word_1_104' title='bbox 2980 1394 3078 1465; x_wconf 86' lang='grc' dir='ltr'><strong><em>ὡς</em></strong></span> 
     </span>
    </p>
   </div>
   <div class='ocr_carea' id='block_1_4' title="bbox 615 1482 1904 1568">
    <p class='ocr_par' dir='ltr' id='par_1_4' title="bbox 615 1482 1904 1568">
     <span class='ocr_line' id='line_1_12' title="bbox 615 1482 1904 1568; baseline 0 -19"><span class='ocrx_word' id='word_1_105' title='bbox 615 1483 736 1567; x_wconf 80' lang='grc' dir='ltr'><strong><em>μὲν</em></strong></span> <span class='ocrx_word' id='word_1_106' title='bbox 783 1485 904 1549; x_wconf 80' lang='grc' dir='ltr'><strong><em>οὐκ</em></strong></span> <span class='ocrx_word' id='word_1_107' title='bbox 950 1482 1022 1548; x_wconf 82' lang='grc' dir='ltr'><strong><em>εὖ</em></strong></span> <span class='ocrx_word' id='word_1_108' title='bbox 1066 1483 1157 1568; x_wconf 86' lang='grc' dir='ltr'><strong><em>μὴ</em></strong></span> <span class='ocrx_word' id='word_1_109' title='bbox 1205 1482 1333 1567; x_wconf 90' lang='grc' dir='ltr'><strong><em>λέγ’</em></strong></span> <span class='ocrx_word' id='word_1_110' title='bbox 1380 1485 1695 1566; x_wconf 84' lang='grc' dir='ltr'><strong><em>εἴργασται</em></strong></span> <span class='ocrx_word' id='word_1_111' title='bbox 1737 1483 1904 1549; x_wconf 91' lang='grc' dir='ltr'><strong><em>τάδε.</em></strong></span> 
     </span>
    </p>
   </div>
   <div class='ocr_carea' id='block_1_5' title="bbox 616 1590 3074 1854">
    <p class='ocr_par' dir='ltr' id='par_1_5' title="bbox 616 1590 3074 1854">
     <span class='ocr_line' id='line_1_13' title="bbox 798 1590 3073 1677; baseline 0 -23"><span class='ocrx_word' id='word_1_112' title='bbox 798 1591 944 1677; x_wconf 85' lang='grc'><strong>569.</strong></span> <span class='ocrx_word' id='word_1_113' title='bbox 991 1591 1309 1674; x_wconf 79' lang='grc' dir='ltr'><strong><em>ἀρώσιμοι</em></strong></span> <span class='ocrx_word' id='word_1_114' title='bbox 1342 1626 1423 1636; x_wconf 92' lang='grc'>-</span> <span class='ocrx_word' id='word_1_115' title='bbox 1456 1590 1631 1675; x_wconf 98' lang='grc' dir='ltr'><strong><em>γύαι]</em></strong></span> <span class='ocrx_word' id='word_1_116' title='bbox 1666 1590 1872 1656; x_wconf 80' lang='lat' dir='ltr'><strong>Schol.</strong></span> <span class='ocrx_word' id='word_1_117' title='bbox 1903 1592 2443 1675; x_wconf 87' lang='grc' dir='ltr'><strong><em>παιδοποιήσιμοι.</em></strong></span> <span class='ocrx_word' id='word_1_118' title='bbox 2508 1591 2599 1656; x_wconf 81' lang='lat' dir='ltr'><strong><em>Cf.</em></strong></span> <span class='ocrx_word' id='word_1_119' title='bbox 2637 1590 2840 1675; x_wconf 88' lang='lat' dir='ltr'><strong>Apoll.</strong></span> <span class='ocrx_word' id='word_1_120' title='bbox 2872 1591 3073 1656; x_wconf 89' lang='lat' dir='ltr'><strong>Rhod.</strong></span> 
     </span>
     <span class='ocr_line' id='line_1_14' title="bbox 617 1679 3074 1765; baseline 0 -22"><span class='ocrx_word' id='word_1_121' title='bbox 617 1680 665 1744; x_wconf 93' lang='lat' dir='ltr'><strong><em>I.</em></strong></span> <span class='ocrx_word' id='word_1_122' title='bbox 702 1681 846 1744; x_wconf 90' lang='grc'><strong>796.</strong></span> <span class='ocrx_word' id='word_1_123' title='bbox 892 1681 1314 1765; x_wconf 86' lang='grc' dir='ltr'><strong><em>πυροφόρους</em></strong></span> <span class='ocrx_word' id='word_1_124' title='bbox 1358 1680 1603 1763; x_wconf 86' lang='grc' dir='ltr'><strong><em>ἀρόωσι</em></strong></span> <span class='ocrx_word' id='word_1_125' title='bbox 1648 1680 1822 1763; x_wconf 91' lang='grc' dir='ltr'><strong><em>γύας.</em></strong></span> <span class='ocrx_word' id='word_1_126' title='bbox 1868 1679 2019 1745; x_wconf 87' lang='lat' dir='ltr'><strong>Eur.</strong></span> <span class='ocrx_word' id='word_1_127' title='bbox 2052 1680 2216 1745; x_wconf 88' lang='lat' dir='ltr'><strong>Med.</strong></span> <span class='ocrx_word' id='word_1_128' title='bbox 2253 1682 2441 1746; x_wconf 83' lang='lat'><strong>1281.</strong></span> <span class='ocrx_word' id='word_1_129' title='bbox 2487 1682 2728 1744; x_wconf 84' lang='grc' dir='ltr'><strong><em>τέκνων</em></strong></span> <span class='ocrx_word' id='word_1_130' title='bbox 2764 1681 2841 1744; x_wconf 89' lang='grc' dir='ltr'><strong><em>δν</em></strong></span> <span class='ocrx_word' id='word_1_131' title='bbox 2870 1681 3074 1752; x_wconf 71' lang='grc' dir='ltr'><strong><em>ἔτεκες</em></strong></span> 
     </span>
     <span class='ocr_line' id='line_1_15' title="bbox 616 1769 2760 1854; baseline 0 -20"><span class='ocrx_word' id='word_1_132' title='bbox 616 1771 863 1854; x_wconf 91' lang='grc' dir='ltr'><strong><em>ἄροτον.</em></strong></span> <span class='ocrx_word' id='word_1_133' title='bbox 912 1770 1147 1835; x_wconf 88' lang='lat' dir='ltr'><strong>Phoen.</strong></span> <span class='ocrx_word' id='word_1_134' title='bbox 1197 1771 1343 1834; x_wconf 90' lang='grc'><strong>669.</strong></span> <span class='ocrx_word' id='word_1_135' title='bbox 1389 1770 1853 1854; x_wconf 75' lang='grc' dir='ltr'><strong><em>βαθυσπόρους</em></strong></span> <span class='ocrx_word' id='word_1_136' title='bbox 1898 1771 2071 1853; x_wconf 91' lang='grc' dir='ltr'><strong><em>γύας.</em></strong></span> <span class='ocrx_word' id='word_1_137' title='bbox 2121 1770 2346 1834; x_wconf 83' lang='lat' dir='ltr'><strong>Aesoh.</strong></span> <span class='ocrx_word' id='word_1_138' title='bbox 2394 1769 2562 1854; x_wconf 83' lang='lat' dir='ltr'><strong>Sept.</strong></span> <span class='ocrx_word' id='word_1_139' title='bbox 2613 1770 2760 1835; x_wconf 92' lang='grc'><strong>739.</strong></span> 
     </span>
    </p>
   </div>
   <div class='ocr_carea' id='block_1_6' title="bbox 578 1875 3073 2857">
    <p class='ocr_par' dir='ltr' id='par_1_6' title="bbox 578 1875 3073 2857">
     <span class='ocr_line' id='line_1_16' title="bbox 798 1875 3070 1962; baseline -0 -22"><span class='ocrx_word' id='word_1_140' title='bbox 798 1878 943 1942; x_wconf 88' lang='grc'><strong>572.</strong></span> <span class='ocrx_word' id='word_1_141' title='bbox 992 1876 1082 1941; x_wconf 79' lang='lat' dir='ltr'><strong><em>Of.</em></strong></span> <span class='ocrx_word' id='word_1_142' title='bbox 1115 1877 1353 1959; x_wconf 86' lang='lat' dir='ltr'><strong>Phryn.</strong></span> <span class='ocrx_word' id='word_1_143' title='bbox 1385 1876 1484 1942; x_wconf 84' lang='lat' dir='ltr'><strong>Fr.</strong></span> <span class='ocrx_word' id='word_1_144' title='bbox 1519 1878 1621 1942; x_wconf 90' lang='grc'><strong>20.</strong></span> <span class='ocrx_word' id='word_1_145' title='bbox 1664 1875 1722 1942; x_wconf 83' lang='grc' dir='ltr'><em>ὦ</em></span> <span class='ocrx_word' id='word_1_146' title='bbox 1763 1877 1998 1961; x_wconf 81' lang='grc' dir='ltr'><strong><em>φίλτατ’</em></strong></span> <span class='ocrx_word' id='word_1_147' title='bbox 2030 1878 2307 1962; x_wconf 86' lang='grc' dir='ltr'><strong><em>ἀνδρῶν,</em></strong></span> <span class='ocrx_word' id='word_1_148' title='bbox 2338 1879 2430 1962; x_wconf 88' lang='grc' dir='ltr'><strong><em>μή</em></strong></span> <span class='ocrx_word' id='word_1_149' title='bbox 2461 1876 2533 1960; x_wconf 91' lang='grc' dir='ltr'><strong><em>μ’</em></strong></span> <span class='ocrx_word' id='word_1_150' title='bbox 2565 1877 2875 1960; x_wconf 87' lang='grc' dir='ltr'><strong><em>ἀτιμάσας</em></strong></span> <span class='ocrx_word' id='word_1_151' title='bbox 2904 1878 3070 1961; x_wconf 80' lang='grc' dir='ltr'><strong><em>γένῃ.</em></strong></span> 
     </span>
     <span class='ocr_line' id='line_1_17' title="bbox 620 1965 3071 2053; baseline 0.002 -22"><span class='ocrx_word' id='word_1_152' title='bbox 620 1980 627 1985; x_wconf 88' lang='grc'><em>“</em></span> <span class='ocrx_word' id='word_1_153' title='bbox 798 1968 941 2031; x_wconf 88' lang='grc'><strong>573.</strong></span> <span class='ocrx_word' id='word_1_154' title='bbox 989 1968 1153 2050; x_wconf 83' lang='grc' dir='ltr'><strong><em>ἄγαν</em></strong></span> <span class='ocrx_word' id='word_1_155' title='bbox 1195 1991 1279 2050; x_wconf 91' lang='grc' dir='ltr'><strong><em>με</em></strong></span> <span class='ocrx_word' id='word_1_156' title='bbox 1323 1967 1565 2053; x_wconf 85' lang='grc' dir='ltr'><strong><em>λυπεῖς]</em></strong></span> <span class='ocrx_word' id='word_1_157' title='bbox 1617 1966 1706 2031; x_wconf 86' lang='lat' dir='ltr'><strong><em>Cf.</em></strong></span> <span class='ocrx_word' id='word_1_158' title='bbox 1745 1968 1846 2051; x_wconf 85' lang='lat' dir='ltr'><strong>Aj.</strong></span> <span class='ocrx_word' id='word_1_159' title='bbox 1882 1968 2026 2032; x_wconf 88' lang='grc'><strong>589.</strong></span> <span class='ocrx_word' id='word_1_160' title='bbox 2161 1968 2269 2031; x_wconf 78' lang='grc' dir='ltr'><strong><em>καὶ</em></strong></span> <span class='ocrx_word' id='word_1_161' title='bbox 2313 1966 2391 2032; x_wconf 86' lang='grc' dir='ltr'><strong><em>σὺ</em></strong></span> <span class='ocrx_word' id='word_1_162' title='bbox 2437 1967 2544 2031; x_wconf 75' lang='grc' dir='ltr'><strong><em>καὶ</em></strong></span> <span class='ocrx_word' id='word_1_163' title='bbox 2587 1966 2659 2031; x_wconf 86' lang='grc' dir='ltr'><strong><em>τὸ</em></strong></span> <span class='ocrx_word' id='word_1_164' title='bbox 2705 1965 2820 2032; x_wconf 87' lang='grc' dir='ltr'><strong><em>σὸν</em></strong></span> <span class='ocrx_word' id='word_1_165' title='bbox 2864 1966 3071 2052; x_wconf 83' lang='grc' dir='ltr'><strong><em>λέχος]</em></strong></span> 
     </span>
     <span class='ocr_line' id='line_1_18' title="bbox 618 2055 3073 2139; baseline 0 -19"><span class='ocrx_word' id='word_1_166' title='bbox 618 2056 705 2120; x_wconf 87' lang='lat' dir='ltr'><strong><em>Cf.</em></strong></span> <span class='ocrx_word' id='word_1_167' title='bbox 755 2057 825 2121; x_wconf 94' lang='grc' dir='ltr'><strong><em>Ο.</em></strong></span> <span class='ocrx_word' id='word_1_168' title='bbox 859 2056 924 2123; x_wconf 83' lang='lat' dir='ltr'><strong><em>G.</em></strong></span> <span class='ocrx_word' id='word_1_169' title='bbox 976 2058 1122 2121; x_wconf 90' lang='grc'><strong>750.</strong></span> <span class='ocrx_word' id='word_1_170' title='bbox 1170 2080 1239 2122; x_wconf 92' lang='grc' dir='ltr'><strong><em>σε</em></strong></span> <span class='ocrx_word' id='word_1_171' title='bbox 1286 2093 1371 2102; x_wconf 89' lang='grc'>-</span> <span class='ocrx_word' id='word_1_172' title='bbox 1417 2057 1525 2121; x_wconf 78' lang='grc' dir='ltr'><strong><em>καὶ</em></strong></span> <span class='ocrx_word' id='word_1_173' title='bbox 1587 2057 1658 2121; x_wconf 85' lang='grc' dir='ltr'><strong><em>τὸ</em></strong></span> <span class='ocrx_word' id='word_1_174' title='bbox 1723 2058 1840 2123; x_wconf 85' lang='grc' dir='ltr'><strong><em>σὸν</em></strong></span> <span class='ocrx_word' id='word_1_175' title='bbox 1901 2057 2088 2139; x_wconf 88' lang='grc' dir='ltr'><strong><em>κάρα.</em></strong></span> <span class='ocrx_word' id='word_1_176' title='bbox 2155 2055 2225 2121; x_wconf 93' lang='lat' dir='ltr'><strong><em>O.</em></strong></span> <span class='ocrx_word' id='word_1_177' title='bbox 2258 2056 2331 2120; x_wconf 84' lang='lat' dir='ltr'><strong><em>R.</em></strong></span> <span class='ocrx_word' id='word_1_178' title='bbox 2382 2057 2528 2121; x_wconf 91' lang='grc'><strong>905.</strong></span> <span class='ocrx_word' id='word_1_179' title='bbox 2593 2055 2664 2122; x_wconf 79' lang='grc' dir='ltr'><strong><em>σὲ</em></strong></span> <span class='ocrx_word' id='word_1_180' title='bbox 2711 2093 2796 2103; x_wconf 93' lang='grc'>-</span> <span class='ocrx_word' id='word_1_181' title='bbox 2839 2057 2955 2120; x_wconf 91' lang='grc' dir='ltr'><strong><em>τάν</em></strong></span> <span class='ocrx_word' id='word_1_182' title='bbox 3007 2080 3073 2121; x_wconf 86' lang='grc' dir='ltr'><strong><em>τε</em></strong></span> 
     </span>
     <span class='ocr_line' id='line_1_19' title="bbox 617 2145 3073 2229; baseline 0 -20"><span class='ocrx_word' id='word_1_183' title='bbox 617 2146 735 2209; x_wconf 88' lang='grc' dir='ltr'><strong><em>οάν</em></strong></span> <span class='ocrx_word' id='word_1_184' title='bbox 798 2147 1122 2211; x_wconf 85' lang='grc' dir='ltr'><strong><em>ἀθάνατον</em></strong></span> <span class='ocrx_word' id='word_1_185' title='bbox 1185 2147 1406 2229; x_wconf 87' lang='grc' dir='ltr'><strong><em>ἀρχάν.</em></strong></span> <span class='ocrx_word' id='word_1_186' title='bbox 1474 2147 1572 2229; x_wconf 88' lang='lat' dir='ltr'><strong><em>Aj.</em></strong></span> <span class='ocrx_word' id='word_1_187' title='bbox 1624 2147 1813 2211; x_wconf 87' lang='grc'><strong>1147.</strong></span> <span class='ocrx_word' id='word_1_188' title='bbox 1878 2146 2040 2211; x_wconf 90' lang='lat' dir='ltr'><strong>Phil.</strong></span> <span class='ocrx_word' id='word_1_189' title='bbox 2093 2147 2281 2210; x_wconf 83' lang='lat'><strong>1251.</strong></span> <span class='ocrx_word' id='word_1_190' title='bbox 2347 2145 2462 2221; x_wconf 81' lang='grc' dir='ltr'><strong><em>ξὺν</em></strong></span> <span class='ocrx_word' id='word_1_191' title='bbox 2522 2154 2617 2229; x_wconf 76' lang='grc' dir='ltr'><strong><em>τῷ</em></strong></span> <span class='ocrx_word' id='word_1_192' title='bbox 2682 2145 2909 2229; x_wconf 80' lang='grc' dir='ltr'><strong><em>δικαίῳ</em></strong></span> <span class='ocrx_word' id='word_1_193' title='bbox 2961 2145 3073 2210; x_wconf 84' lang='grc' dir='ltr'><strong><em>τὸν</em></strong></span> 
     </span>
     <span class='ocr_line' id='line_1_20' title="bbox 578 2234 3071 2321; baseline 0 -21"><span class='ocrx_word' id='word_1_194' title='bbox 578 2235 733 2313; x_wconf 57' lang='grc' dir='ltr'><strong><em>Ὶσὸν</em></strong></span> <span class='ocrx_word' id='word_1_195' title='bbox 778 2235 856 2300; x_wconf 84' lang='grc' dir='ltr'><strong><em>οὗ</em></strong></span> <span class='ocrx_word' id='word_1_196' title='bbox 900 2237 1120 2319; x_wconf 88' lang='grc' dir='ltr'><strong><em>ταρβῶ</em></strong></span> <span class='ocrx_word' id='word_1_197' title='bbox 1166 2236 1393 2321; x_wconf 88' lang='grc' dir='ltr'><strong><em>φόβον.</em></strong></span> <span class='ocrx_word' id='word_1_198' title='bbox 1450 2236 1552 2318; x_wconf 82' lang='lat' dir='ltr'><strong><em>Aj.</em></strong></span> <span class='ocrx_word' id='word_1_199' title='bbox 1604 2237 1792 2301; x_wconf 88' lang='lat'><strong>1311.</strong></span> <span class='ocrx_word' id='word_1_200' title='bbox 1847 2242 1959 2320; x_wconf 87' lang='grc' dir='ltr'><strong><em>τῆς</em></strong></span> <span class='ocrx_word' id='word_1_201' title='bbox 2012 2242 2129 2321; x_wconf 86' lang='grc' dir='ltr'><strong><em>σῆς</em></strong></span> <span class='ocrx_word' id='word_1_202' title='bbox 2184 2235 2498 2319; x_wconf 91' lang='grc' dir='ltr'><strong><em>γυναικός.</em></strong></span> <span class='ocrx_word' id='word_1_203' title='bbox 2553 2234 2650 2299; x_wconf 89' lang='grc' dir='ltr'><strong><em>ΕΙ.</em></strong></span> <span class='ocrx_word' id='word_1_204' title='bbox 2702 2235 2890 2300; x_wconf 92' lang='grc'><strong>1110.</strong></span> <span class='ocrx_word' id='word_1_205' title='bbox 2948 2236 3071 2300; x_wconf 81' lang='grc' dir='ltr'><strong><em>οὐκ</em></strong></span> 
     </span>
     <span class='ocr_line' id='line_1_21' title="bbox 617 2324 3070 2410; baseline -0.001 -20"><span class='ocrx_word' id='word_1_206' title='bbox 617 2324 760 2390; x_wconf 81' lang='grc' dir='ltr'><strong><em>οἶδα</em></strong></span> <span class='ocrx_word' id='word_1_207' title='bbox 804 2324 917 2408; x_wconf 86' lang='grc' dir='ltr'><strong><em>τὴν</em></strong></span> <span class='ocrx_word' id='word_1_208' title='bbox 965 2324 1084 2409; x_wconf 86' lang='grc' dir='ltr'><strong><em>σὴν</em></strong></span> <span class='ocrx_word' id='word_1_209' title='bbox 1127 2324 1405 2408; x_wconf 85' lang='grc' dir='ltr'><strong><em>κληδόν’.</em></strong></span> <span class='ocrx_word' id='word_1_210' title='bbox 1452 2325 1603 2389; x_wconf 86' lang='lat' dir='ltr'><strong>Eur.</strong></span> <span class='ocrx_word' id='word_1_211' title='bbox 1634 2325 1771 2410; x_wconf 88' lang='lat' dir='ltr'><strong>Iph.</strong></span> <span class='ocrx_word' id='word_1_212' title='bbox 1808 2328 1881 2388; x_wconf 91' lang='lat' dir='ltr'><strong><em>A.</em></strong></span> <span class='ocrx_word' id='word_1_213' title='bbox 1915 2327 2062 2389; x_wconf 88' lang='grc'><strong>293.</strong></span> <span class='ocrx_word' id='word_1_214' title='bbox 2111 2325 2213 2390; x_wconf 82' lang='grc' dir='ltr'><strong><em>διὰ</em></strong></span> <span class='ocrx_word' id='word_1_215' title='bbox 2259 2325 2330 2390; x_wconf 80' lang='grc' dir='ltr'><strong><em>σὲ</em></strong></span> <span class='ocrx_word' id='word_1_216' title='bbox 2374 2325 2484 2390; x_wconf 75' lang='grc' dir='ltr'><strong><em>καὶ</em></strong></span> <span class='ocrx_word' id='word_1_217' title='bbox 2525 2324 2640 2409; x_wconf 86' lang='grc' dir='ltr'><strong><em>τὴν</em></strong></span> <span class='ocrx_word' id='word_1_218' title='bbox 2686 2324 2805 2409; x_wconf 86' lang='grc' dir='ltr'><strong><em>σὴν</em></strong></span> <span class='ocrx_word' id='word_1_219' title='bbox 2848 2324 3070 2409; x_wconf 86' lang='grc' dir='ltr'><strong><em>κόρην.</em></strong></span> 
     </span>
     <span class='ocr_line' id='line_1_22' title="bbox 620 2412 3071 2499; baseline 0 -21"><span class='ocrx_word' id='word_1_220' title='bbox 620 2416 809 2479; x_wconf 88' lang='grc'><strong>1148.</strong></span> <span class='ocrx_word' id='word_1_221' title='bbox 858 2414 961 2478; x_wconf 80' lang='grc' dir='ltr'><strong><em>διὰ</em></strong></span> <span class='ocrx_word' id='word_1_222' title='bbox 1009 2413 1079 2480; x_wconf 82' lang='grc' dir='ltr'><strong><em>σὲ</em></strong></span> <span class='ocrx_word' id='word_1_223' title='bbox 1142 2413 1249 2478; x_wconf 72' lang='grc' dir='ltr'><strong><em>καὶ</em></strong></span> <span class='ocrx_word' id='word_1_224' title='bbox 1312 2413 1459 2485; x_wconf 87' lang='grc' dir='ltr'><strong><em>τοὺς</em></strong></span> <span class='ocrx_word' id='word_1_225' title='bbox 1504 2412 1659 2486; x_wconf 87' lang='grc' dir='ltr'><strong><em>σοὺς</em></strong></span> <span class='ocrx_word' id='word_1_226' title='bbox 1712 2415 1976 2499; x_wconf 82' lang='grc' dir='ltr'><strong><em>γάμους.</em></strong></span> <span class='ocrx_word' id='word_1_227' title='bbox 2039 2414 2191 2479; x_wconf 84' lang='lat' dir='ltr'><strong>Her.</strong></span> <span class='ocrx_word' id='word_1_228' title='bbox 2240 2416 2387 2479; x_wconf 82' lang='lat'><strong>284.</strong></span> <span class='ocrx_word' id='word_1_229' title='bbox 2453 2415 2755 2498; x_wconf 82' lang='grc' dir='ltr'><strong><em>φθείρου·</em></strong></span> <span class='ocrx_word' id='word_1_230' title='bbox 2817 2413 2891 2479; x_wconf 87' lang='grc' dir='ltr'><strong><em>τὸ</em></strong></span> <span class='ocrx_word' id='word_1_231' title='bbox 2955 2413 3071 2479; x_wconf 87' lang='grc' dir='ltr'><strong><em>σὸν</em></strong></span> 
     </span>
     <span class='ocr_line' id='line_1_23' title="bbox 616 2503 3069 2589; baseline 0 -21"><span class='ocrx_word' id='word_1_232' title='bbox 616 2503 738 2587; x_wconf 84' lang='grc' dir='ltr'><strong><em>γὰρ</em></strong></span> <span class='ocrx_word' id='word_1_233' title='bbox 770 2504 1003 2586; x_wconf 84' lang='grc' dir='ltr'><strong><em>Αργος</em></strong></span> <span class='ocrx_word' id='word_1_234' title='bbox 1067 2504 1145 2568; x_wconf 86' lang='grc' dir='ltr'><strong><em>οὗ</em></strong></span> <span class='ocrx_word' id='word_1_235' title='bbox 1212 2503 1449 2568; x_wconf 89' lang='grc' dir='ltr'><strong><em>δέδοικ’</em></strong></span> <span class='ocrx_word' id='word_1_236' title='bbox 1496 2504 1643 2586; x_wconf 89' lang='grc' dir='ltr'><strong><em>ἐγώ.</em></strong></span> <span class='ocrx_word' id='word_1_237' title='bbox 1708 2503 1898 2589; x_wconf 87' lang='lat' dir='ltr'><strong>Hipp.</strong></span> <span class='ocrx_word' id='word_1_238' title='bbox 1951 2505 2094 2568; x_wconf 90' lang='grc'><strong>113.</strong></span> <span class='ocrx_word' id='word_1_239' title='bbox 2149 2503 2263 2587; x_wconf 86' lang='grc' dir='ltr'><strong><em>τὴν</em></strong></span> <span class='ocrx_word' id='word_1_240' title='bbox 2307 2504 2427 2588; x_wconf 86' lang='grc' dir='ltr'><strong><em>σὴν</em></strong></span> <span class='ocrx_word' id='word_1_241' title='bbox 2475 2504 2545 2570; x_wconf 79' lang='grc' dir='ltr'><strong><em>δὲ</em></strong></span> <span class='ocrx_word' id='word_1_242' title='bbox 2590 2503 2845 2585; x_wconf 85' lang='grc' dir='ltr'><strong><em>Κύπριν</em></strong></span> <span class='ocrx_word' id='word_1_243' title='bbox 2887 2503 3069 2568; x_wconf 90' lang='grc' dir='ltr'><strong><em>πόλλ’</em></strong></span> 
     </span>
     <span class='ocr_line' id='line_1_24' title="bbox 615 2591 3069 2677; baseline -0.001 -18"><span class='ocrx_word' id='word_1_244' title='bbox 615 2593 745 2676; x_wconf 83' lang='grc' dir='ltr'><strong><em>ἐγὼ</em></strong></span> <span class='ocrx_word' id='word_1_245' title='bbox 808 2593 1045 2677; x_wconf 81' lang='grc' dir='ltr'><strong><em>χαίρειν</em></strong></span> <span class='ocrx_word' id='word_1_246' title='bbox 1112 2593 1296 2677; x_wconf 86' lang='grc' dir='ltr'><strong><em>λέγω.</em></strong></span> <span class='ocrx_word' id='word_1_247' title='bbox 1369 2591 1554 2660; x_wconf 83' lang='lat' dir='ltr'><strong>RheS.</strong></span> <span class='ocrx_word' id='word_1_248' title='bbox 1603 2595 1750 2659; x_wconf 89' lang='grc'><strong>866.</strong></span> <span class='ocrx_word' id='word_1_249' title='bbox 1817 2595 1938 2659; x_wconf 82' lang='grc' dir='ltr'><strong><em>οὐκ</em></strong></span> <span class='ocrx_word' id='word_1_250' title='bbox 2005 2592 2146 2660; x_wconf 82' lang='grc' dir='ltr'><strong><em>οἶδα</em></strong></span> <span class='ocrx_word' id='word_1_251' title='bbox 2210 2593 2359 2666; x_wconf 89' lang='grc' dir='ltr'><strong><em>τοὺς</em></strong></span> <span class='ocrx_word' id='word_1_252' title='bbox 2422 2592 2605 2669; x_wconf 79' lang='grc' dir='ltr'><strong><em>σοὺς,</em></strong></span> <span class='ocrx_word' id='word_1_253' title='bbox 2679 2595 2794 2666; x_wconf 82' lang='grc' dir='ltr'><strong><em>οὓς</em></strong></span> <span class='ocrx_word' id='word_1_254' title='bbox 2855 2593 3069 2676; x_wconf 81' lang='grc' dir='ltr'><strong><em>λέγεις,</em></strong></span> 
     </span>
     <span class='ocr_line' id='line_1_25' title="bbox 606 2681 3071 2768; baseline 0 -20"><span class='ocrx_word' id='word_1_255' title='bbox 606 2681 974 2756; x_wconf 83' lang='grc' dir='ltr'><strong><em>Ὀδυσσέας.</em></strong></span> <span class='ocrx_word' id='word_1_256' title='bbox 1021 2684 1335 2768; x_wconf 80' lang='lat' dir='ltr'><strong>Agathou.</strong></span> <span class='ocrx_word' id='word_1_257' title='bbox 1381 2683 1480 2749; x_wconf 81' lang='lat' dir='ltr'><strong>Fr.</strong></span> <span class='ocrx_word' id='word_1_258' title='bbox 1521 2685 1640 2748; x_wconf 88' lang='lat' dir='ltr'><strong>ino.</strong></span> <span class='ocrx_word' id='word_1_259' title='bbox 1673 2686 1733 2748; x_wconf 90' lang='grc'><strong><em>8.</em></strong></span> <span class='ocrx_word' id='word_1_260' title='bbox 1782 2684 2037 2755; x_wconf 82' lang='grc' dir='ltr'><strong><em>ἀπολεῖς</em></strong></span> <span class='ocrx_word' id='word_1_261' title='bbox 2079 2683 2150 2767; x_wconf 90' lang='grc' dir='ltr'><strong><em>μ’</em></strong></span> <span class='ocrx_word' id='word_1_262' title='bbox 2197 2684 2460 2767; x_wconf 89' lang='grc' dir='ltr'><strong><em>ἐρωτῶν</em></strong></span> <span class='ocrx_word' id='word_1_263' title='bbox 2503 2683 2612 2748; x_wconf 75' lang='grc' dir='ltr'><strong><em>καὶ</em></strong></span> <span class='ocrx_word' id='word_1_264' title='bbox 2657 2682 2734 2748; x_wconf 86' lang='grc' dir='ltr'><strong><em>σὺ</em></strong></span> <span class='ocrx_word' id='word_1_265' title='bbox 2780 2684 2881 2766; x_wconf 86' lang='grc' dir='ltr'>χώ</span> <span class='ocrx_word' id='word_1_266' title='bbox 2926 2685 3071 2754; x_wconf 87' lang='grc' dir='ltr'><strong><em>νέος</em></strong></span> 
     </span>
     <span class='ocr_line' id='line_1_26' title="bbox 612 2771 3068 2857; baseline 0 -20"><span class='ocrx_word' id='word_1_267' title='bbox 612 2772 865 2856; x_wconf 84' lang='grc' dir='ltr'><strong><em>τρόπος.</em></strong></span> <span class='ocrx_word' id='word_1_268' title='bbox 923 2774 1115 2837; x_wconf 77' lang='lat' dir='ltr'><strong>Arist.</strong></span> <span class='ocrx_word' id='word_1_269' title='bbox 1149 2775 1267 2837; x_wconf 74' lang='lat' dir='ltr'><strong><em>AV.</em></strong></span> <span class='ocrx_word' id='word_1_270' title='bbox 1302 2771 1448 2838; x_wconf 89' lang='grc'><strong>893.</strong></span> <span class='ocrx_word' id='word_1_271' title='bbox 1494 2773 1724 2838; x_wconf 89' lang='grc' dir='ltr'><strong><em>ἄπελθ’</em></strong></span> <span class='ocrx_word' id='word_1_272' title='bbox 1772 2772 1887 2856; x_wconf 92' lang='grc' dir='ltr'><strong><em>ἀφ’</em></strong></span> <span class='ocrx_word' id='word_1_273' title='bbox 1933 2775 2124 2857; x_wconf 83' lang='grc' dir='ltr'><strong><em>ἡμῶν</em></strong></span> <span class='ocrx_word' id='word_1_274' title='bbox 2177 2774 2285 2838; x_wconf 77' lang='grc' dir='ltr'><strong><em>καὶ</em></strong></span> <span class='ocrx_word' id='word_1_275' title='bbox 2330 2772 2407 2840; x_wconf 86' lang='grc' dir='ltr'><strong><em>σὺ</em></strong></span> <span class='ocrx_word' id='word_1_276' title='bbox 2454 2772 2564 2838; x_wconf 82' lang='grc' dir='ltr'><strong><em>καὶ</em></strong></span> <span class='ocrx_word' id='word_1_277' title='bbox 2607 2772 2681 2837; x_wconf 79' lang='lat' dir='ltr'><strong><em>td</em></strong></span> <span class='ocrx_word' id='word_1_278' title='bbox 2728 2774 3068 2857; x_wconf 87' lang='grc' dir='ltr'><strong><em>στέμματα.</em></strong></span> 
     </span>
    </p>
   </div>
   <div class='ocr_carea' id='block_1_7' title="bbox 611 2879 3070 3681">
    <p class='ocr_par' dir='ltr' id='par_1_7' title="bbox 611 2879 3070 3411">
     <span class='ocr_line' id='line_1_27' title="bbox 794 2879 3068 2965; baseline 0 -21"><span class='ocrx_word' id='word_1_279' title='bbox 794 2880 940 2944; x_wconf 90' lang='grc'><strong>576.</strong></span> <span class='ocrx_word' id='word_1_280' title='bbox 989 2879 1350 2965; x_wconf 77' lang='grc' dir='ltr'><strong><em>δεδογμέν’]</em></strong></span> <span class='ocrx_word' id='word_1_281' title='bbox 1416 2880 1568 2946; x_wconf 86' lang='lat' dir='ltr'><strong>Sub.</strong></span> <span class='ocrx_word' id='word_1_282' title='bbox 1632 2882 1771 2945; x_wconf 87' lang='grc' dir='ltr'><strong><em>ἐστι’.</em></strong></span> <span class='ocrx_word' id='word_1_283' title='bbox 1846 2881 1896 2945; x_wconf 92' lang='grc' dir='ltr'><strong><em>Ι.</em></strong></span> <span class='ocrx_word' id='word_1_284' title='bbox 1945 2900 2003 2964; x_wconf 91' lang='lat' dir='ltr'><strong><em>q.</em></strong></span> <span class='ocrx_word' id='word_1_285' title='bbox 2051 2880 2359 2947; x_wconf 85' lang='grc' dir='ltr'><strong><em>δέδοκται.</em></strong></span> <span class='ocrx_word' id='word_1_286' title='bbox 2407 2880 2591 2964; x_wconf 85' lang='lat' dir='ltr'><strong>(Phil.</strong></span> <span class='ocrx_word' id='word_1_287' title='bbox 2643 2880 2831 2945; x_wconf 83' lang='lat'><strong>1277.</strong></span> <span class='ocrx_word' id='word_1_288' title='bbox 2897 2881 3068 2945; x_wconf 81' lang='grc' dir='ltr'><strong><em>οὕτω</em></strong></span> 
     </span>
     <span class='ocr_line' id='line_1_28' title="bbox 614 2968 3066 3054; baseline -0 -19"><span class='ocrx_word' id='word_1_289' title='bbox 614 2970 940 3046; x_wconf 82' lang='grc' dir='ltr'><strong><em>δέδοκται,·</em></strong></span> <span class='ocrx_word' id='word_1_290' title='bbox 1001 2968 1177 3034; x_wconf 83' lang='grc' dir='ltr'><strong>ΦΙΛ.</strong></span> <span class='ocrx_word' id='word_1_291' title='bbox 1223 2969 1335 3034; x_wconf 81' lang='grc' dir='ltr'><strong><em>καὶ</em></strong></span> <span class='ocrx_word' id='word_1_292' title='bbox 1384 2971 1549 3052; x_wconf 88' lang='grc' dir='ltr'><strong><em>πέρα</em></strong></span> <span class='ocrx_word' id='word_1_293' title='bbox 1597 2970 1674 3053; x_wconf 78' lang='grc' dir='ltr'><strong><em>γ’,</em></strong></span> <span class='ocrx_word' id='word_1_294' title='bbox 1720 2969 1869 3044; x_wconf 83' lang='grc' dir='ltr'><strong><em>ἴσθ’,</em></strong></span> <span class='ocrx_word' id='word_1_295' title='bbox 1926 2972 1965 3054; x_wconf 85' lang='grc' dir='ltr'><em>ἢ</em></span> <span class='ocrx_word' id='word_1_296' title='bbox 2012 2971 2196 3054; x_wconf 88' lang='grc' dir='ltr'><strong><em>λέγω.</em></strong></span> <span class='ocrx_word' id='word_1_297' title='bbox 2242 2969 2339 3035; x_wconf 88' lang='lat' dir='ltr'><strong><em>Tr.</em></strong></span> <span class='ocrx_word' id='word_1_298' title='bbox 2390 2971 2536 3035; x_wconf 85' lang='grc'><strong>720.</strong></span> <span class='ocrx_word' id='word_1_299' title='bbox 2592 2970 2793 3035; x_wconf 88' lang='grc' dir='ltr'><strong><em>καίτοι</em></strong></span> <span class='ocrx_word' id='word_1_300' title='bbox 2840 2969 3066 3035; x_wconf 81' lang='grc' dir='ltr'><strong><em>δέδοκ-</em></strong></span> 
     </span>
     <span class='ocr_line' id='line_1_29' title="bbox 611 3057 3070 3143; baseline 0 -21"><span class='ocrx_word' id='word_1_301' title='bbox 611 3082 711 3123; x_wconf 88' lang='grc' dir='ltr'><strong><em>ται</em></strong></span> <span class='ocrx_word' id='word_1_302' title='bbox 756 3064 870 3125; x_wconf 84' lang='lat' dir='ltr'><strong>etc.</strong></span> <span class='ocrx_word' id='word_1_303' title='bbox 917 3057 980 3123; x_wconf 84' lang='grc' dir='ltr'><strong>Ν</strong></span> <span class='ocrx_word' id='word_1_304' title='bbox 981 3058 1191 3143; x_wconf 89' lang='lat' dir='ltr'><strong>eophr.</strong></span> <span class='ocrx_word' id='word_1_305' title='bbox 1238 3057 1337 3122; x_wconf 84' lang='lat' dir='ltr'><strong>Fr.</strong></span> <span class='ocrx_word' id='word_1_306' title='bbox 1370 3061 1428 3139; x_wconf 84' lang='lat'><strong><em>2,</em></strong></span> <span class='ocrx_word' id='word_1_307' title='bbox 1465 3060 1561 3122; x_wconf 94' lang='grc'><strong><em>10.</em></strong></span> <span class='ocrx_word' id='word_1_308' title='bbox 1610 3061 1809 3141; x_wconf 83' lang='grc' dir='ltr'><strong><em>οἴμοι,</em></strong></span> <span class='ocrx_word' id='word_1_309' title='bbox 1858 3059 2190 3139; x_wconf 85' lang='grc' dir='ltr'><strong><em>δέδοκται.)</em></strong></span> <span class='ocrx_word' id='word_1_310' title='bbox 2267 3058 2355 3124; x_wconf 89' lang='lat' dir='ltr'><strong><em>Cf.</em></strong></span> <span class='ocrx_word' id='word_1_311' title='bbox 2403 3060 2474 3124; x_wconf 94' lang='grc' dir='ltr'><strong><em>Ο.</em></strong></span> <span class='ocrx_word' id='word_1_312' title='bbox 2508 3059 2574 3126; x_wconf 83' lang='lat' dir='ltr'><strong><em>G.</em></strong></span> <span class='ocrx_word' id='word_1_313' title='bbox 2628 3059 2816 3132; x_wconf 85' lang='lat'><strong>1431.</strong></span> <span class='ocrx_word' id='word_1_314' title='bbox 2863 3060 3070 3131; x_wconf 84' lang='grc' dir='ltr'><strong><em>οὕτως</em></strong></span> 
     </span>
     <span class='ocr_line' id='line_1_30' title="bbox 613 3145 3067 3233; baseline 0 -21"><span class='ocrx_word' id='word_1_315' title='bbox 613 3148 737 3232; x_wconf 83' lang='grc' dir='ltr'><strong><em>ἄρ’,</em></strong></span> <span class='ocrx_word' id='word_1_316' title='bbox 802 3145 862 3213; x_wconf 85' lang='grc' dir='ltr'><strong><em>ὦ</em></strong></span> <span class='ocrx_word' id='word_1_317' title='bbox 923 3154 1063 3223; x_wconf 80' lang='grc' dir='ltr'><strong><em>παῖ,</em></strong></span> <span class='ocrx_word' id='word_1_318' title='bbox 1127 3149 1318 3212; x_wconf 84' lang='grc' dir='ltr'><strong><em>ταῦτά</em></strong></span> <span class='ocrx_word' id='word_1_319' title='bbox 1384 3172 1483 3213; x_wconf 93' lang='grc' dir='ltr'><strong><em>σοι</em></strong></span> <span class='ocrx_word' id='word_1_320' title='bbox 1547 3148 1935 3232; x_wconf 82' lang='grc' dir='ltr'><strong><em>δεδογμένα,·</em></strong></span> <span class='ocrx_word' id='word_1_321' title='bbox 1974 3148 1984 3231; x_wconf 85' lang='grc' dir='ltr'>Ι</span> <span class='ocrx_word' id='word_1_322' title='bbox 2024 3147 2176 3214; x_wconf 87' lang='grc' dir='ltr'><strong><em>ΠΟ.</em></strong></span> <span class='ocrx_word' id='word_1_323' title='bbox 2239 3149 2348 3214; x_wconf 76' lang='grc' dir='ltr'><strong><em>καὶ</em></strong></span> <span class='ocrx_word' id='word_1_324' title='bbox 2411 3150 2502 3233; x_wconf 89' lang='grc' dir='ltr'><strong><em>μή</em></strong></span> <span class='ocrx_word' id='word_1_325' title='bbox 2557 3149 2630 3233; x_wconf 91' lang='grc' dir='ltr'><strong><em>μ’</em></strong></span> <span class='ocrx_word' id='word_1_326' title='bbox 2677 3149 2937 3233; x_wconf 81' lang='grc' dir='ltr'><strong><em>ἐπίσχῃς</em></strong></span> <span class='ocrx_word' id='word_1_327' title='bbox 2992 3148 3067 3230; x_wconf 91' lang='grc' dir='ltr'><strong><em>γ’.</em></strong></span> 
     </span>
     <span class='ocr_line' id='line_1_31' title="bbox 612 3236 3068 3323; baseline 0.001 -22"><span class='ocrx_word' id='word_1_328' title='bbox 612 3236 906 3303; x_wconf 78' lang='lat' dir='ltr'><strong>Menand.</strong></span> <span class='ocrx_word' id='word_1_329' title='bbox 938 3236 1049 3301; x_wconf 84' lang='lat' dir='ltr'><strong><em>IV.</em></strong></span> <span class='ocrx_word' id='word_1_330' title='bbox 1084 3240 1185 3303; x_wconf 89' lang='grc'><strong><em>88.</em></strong></span> <span class='ocrx_word' id='word_1_331' title='bbox 1235 3237 1622 3321; x_wconf 78' lang='grc' dir='ltr'><strong><em>δεδογμένον</em></strong></span> <span class='ocrx_word' id='word_1_332' title='bbox 1664 3238 1739 3303; x_wconf 87' lang='grc' dir='ltr'><strong><em>τὸ</em></strong></span> <span class='ocrx_word' id='word_1_333' title='bbox 1783 3238 2054 3321; x_wconf 81' lang='grc' dir='ltr'><strong><em>πρᾶγμ’·</em></strong></span> <span class='ocrx_word' id='word_1_334' title='bbox 2102 3239 2477 3322; x_wconf 85' lang='grc' dir='ltr'><strong><em>ἀνερρίφθω</em></strong></span> <span class='ocrx_word' id='word_1_335' title='bbox 2514 3238 2732 3323; x_wconf 88' lang='grc' dir='ltr'><strong><em>κύβος.</em></strong></span> <span class='ocrx_word' id='word_1_336' title='bbox 2780 3244 2845 3303; x_wconf 87' lang='lat' dir='ltr'><strong><em>et</em></strong></span> <span class='ocrx_word' id='word_1_337' title='bbox 2877 3238 3068 3303; x_wconf 87' lang='lat' dir='ltr'><strong>Arist.</strong></span> 
     </span>
     <span class='ocr_line' id='line_1_32' title="bbox 611 3326 2778 3411; baseline 0 -20"><span class='ocrx_word' id='word_1_338' title='bbox 611 3326 757 3410; x_wconf 84' lang='lat' dir='ltr'><strong>Lys.</strong></span> <span class='ocrx_word' id='word_1_339' title='bbox 811 3328 955 3390; x_wconf 88' lang='grc'><strong>142.</strong></span> <span class='ocrx_word' id='word_1_340' title='bbox 1001 3327 1262 3411; x_wconf 85' lang='grc' dir='ltr'><strong><em>χαλεπά.</em></strong></span> <span class='ocrx_word' id='word_1_341' title='bbox 1308 3327 1543 3393; x_wconf 90' lang='lat' dir='ltr'><strong>Herod.</strong></span> <span class='ocrx_word' id='word_1_342' title='bbox 1589 3326 1704 3392; x_wconf 93' lang='lat' dir='ltr'><strong>III.</strong></span> <span class='ocrx_word' id='word_1_343' title='bbox 1754 3329 1856 3391; x_wconf 90' lang='grc'><strong><em>82.</em></strong></span> <span class='ocrx_word' id='word_1_344' title='bbox 1904 3327 2203 3392; x_wconf 89' lang='grc' dir='ltr'><strong><em>ἀδύνατα.</em></strong></span> <span class='ocrx_word' id='word_1_345' title='bbox 2251 3335 2316 3393; x_wconf 87' lang='lat' dir='ltr'><strong><em>et</em></strong></span> <span class='ocrx_word' id='word_1_346' title='bbox 2359 3327 2440 3392; x_wconf 83' lang='lat' dir='ltr'><strong><em>ad</em></strong></span> <span class='ocrx_word' id='word_1_347' title='bbox 2483 3328 2581 3392; x_wconf 89' lang='lat' dir='ltr'><strong><em>Tr.</em></strong></span> <span class='ocrx_word' id='word_1_348' title='bbox 2629 3328 2778 3392; x_wconf 85' lang='lat'><strong>495.</strong></span> 
     </span>
    </p>

    <p class='ocr_par' dir='ltr' id='par_1_8' title="bbox 611 3416 3065 3681">
     <span class='ocr_line' id='line_1_33' title="bbox 793 3416 3064 3502; baseline 0 -22"><span class='ocrx_word' id='word_1_349' title='bbox 793 3417 941 3480; x_wconf 88' lang='grc'><strong>577.</strong></span> <span class='ocrx_word' id='word_1_350' title='bbox 986 3416 1095 3481; x_wconf 76' lang='grc' dir='ltr'><strong><em>καὶ</em></strong></span> <span class='ocrx_word' id='word_1_351' title='bbox 1140 3416 1245 3482; x_wconf 90' lang='grc' dir='ltr'><strong><em>σοί</em></strong></span> <span class='ocrx_word' id='word_1_352' title='bbox 1283 3441 1354 3500; x_wconf 91' lang='grc' dir='ltr'><strong><em>γε</em></strong></span> <span class='ocrx_word' id='word_1_353' title='bbox 1398 3417 1627 3502; x_wconf 85' lang='grc' dir='ltr'><strong><em>κάμοί]</em></strong></span> <span class='ocrx_word' id='word_1_354' title='bbox 1694 3417 1846 3483; x_wconf 86' lang='lat' dir='ltr'><strong><em>YeS</em></strong></span> <span class='ocrx_word' id='word_1_355' title='bbox 1910 3416 2007 3500; x_wconf 83' lang='lat' dir='ltr'><strong><em>by</em></strong></span> <span class='ocrx_word' id='word_1_356' title='bbox 2070 3437 2183 3483; x_wconf 87' lang='lat' dir='ltr'><strong><em>me</em></strong></span> <span class='ocrx_word' id='word_1_357' title='bbox 2245 3437 2324 3482; x_wconf 78' lang='lat' dir='ltr'><strong><em>as</em></strong></span> <span class='ocrx_word' id='word_1_358' title='bbox 2386 3417 2559 3483; x_wconf 85' lang='lat' dir='ltr'><strong>well</strong></span> <span class='ocrx_word' id='word_1_359' title='bbox 2622 3436 2700 3481; x_wconf 84' lang='lat' dir='ltr'><strong><em>as</em></strong></span> <span class='ocrx_word' id='word_1_360' title='bbox 2752 3416 2851 3499; x_wconf 81' lang='lat' dir='ltr'><strong><em>by</em></strong></span> <span class='ocrx_word' id='word_1_361' title='bbox 2896 3437 3064 3499; x_wconf 82' lang='lat' dir='ltr'><strong>you.</strong></span> 
     </span>
     <span class='ocr_line' id='line_1_34' title="bbox 614 3504 3065 3592; baseline 0 -22"><span class='ocrx_word' id='word_1_362' title='bbox 614 3504 704 3571; x_wconf 83' lang='lat' dir='ltr'><strong><em>Of.</em></strong></span> <span class='ocrx_word' id='word_1_363' title='bbox 757 3507 943 3570; x_wconf 91' lang='lat'><strong>1112.</strong></span> <span class='ocrx_word' id='word_1_364' title='bbox 1088 3506 1178 3590; x_wconf 85' lang='grc' dir='ltr'><strong><em>μὴ</em></strong></span> <span class='ocrx_word' id='word_1_365' title='bbox 1224 3505 1443 3590; x_wconf 84' lang='grc' dir='ltr'><strong><em>τριβὰς</em></strong></span> <span class='ocrx_word' id='word_1_366' title='bbox 1487 3505 1604 3592; x_wconf 80' lang='grc' dir='ltr'><strong><em>ἔτ’]</em></strong></span> <span class='ocrx_word' id='word_1_367' title='bbox 1653 3507 1746 3572; x_wconf 82' lang='lat' dir='ltr'><strong><em>of.</em></strong></span> <span class='ocrx_word' id='word_1_368' title='bbox 1795 3505 1866 3571; x_wconf 93' lang='lat' dir='ltr'><strong><em>O.</em></strong></span> <span class='ocrx_word' id='word_1_369' title='bbox 1899 3507 1971 3572; x_wconf 91' lang='lat' dir='ltr'><strong><em>R.</em></strong></span> <span class='ocrx_word' id='word_1_370' title='bbox 2026 3507 2212 3570; x_wconf 91' lang='grc'><strong>1162.</strong></span> <span class='ocrx_word' id='word_1_371' title='bbox 2260 3507 2448 3571; x_wconf 84' lang='lat' dir='ltr'><strong>Arist.</strong></span> <span class='ocrx_word' id='word_1_372' title='bbox 2496 3507 2654 3571; x_wconf 85' lang='lat' dir='ltr'><strong><em>th.</em></strong></span> <span class='ocrx_word' id='word_1_373' title='bbox 2704 3507 2851 3570; x_wconf 85' lang='lat'><strong>385.</strong></span> <span class='ocrx_word' id='word_1_374' title='bbox 2894 3508 3065 3570; x_wconf 85' lang='grc' dir='ltr'><strong><em>τί-</em></strong></span> 
     </span>
     <span class='ocr_line' id='line_1_35' title="bbox 611 3593 2836 3681; baseline 0.001 -23"><span class='ocrx_word' id='word_1_375' title='bbox 611 3596 854 3680; x_wconf 87' lang='grc' dir='ltr'><strong><em>πορίζει</em></strong></span> <span class='ocrx_word' id='word_1_376' title='bbox 895 3597 1147 3681; x_wconf 85' lang='grc' dir='ltr'><strong><em>τριβάς,·</em></strong></span> <span class='ocrx_word' id='word_1_377' title='bbox 1211 3593 1452 3660; x_wconf 85' lang='lat' dir='ltr'><strong>Similis</strong></span> <span class='ocrx_word' id='word_1_378' title='bbox 1484 3596 1724 3680; x_wconf 78' lang='lat' dir='ltr'>eUipsis</span> <span class='ocrx_word' id='word_1_379' title='bbox 1756 3601 1851 3660; x_wconf 83' lang='lat' dir='ltr'><strong><em>est</em></strong></span> <span class='ocrx_word' id='word_1_380' title='bbox 1881 3595 1976 3660; x_wconf 92' lang='grc' dir='ltr'><strong><em>ΕΙ.</em></strong></span> <span class='ocrx_word' id='word_1_381' title='bbox 1998 3597 2145 3660; x_wconf 88' lang='grc'><strong>369.</strong></span> <span class='ocrx_word' id='word_1_382' title='bbox 2190 3595 2396 3681; x_wconf 82' lang='grc' dir='ltr'><strong><em>μηδὲν</em></strong></span> <span class='ocrx_word' id='word_1_383' title='bbox 2423 3595 2589 3680; x_wconf 84' lang='grc' dir='ltr'><strong><em>πρὸς</em></strong></span> <span class='ocrx_word' id='word_1_384' title='bbox 2619 3596 2836 3680; x_wconf 86' lang='grc' dir='ltr'><strong><em>ὀργήν.</em></strong></span> 
     </span>
    </p>
   </div>
   <div class='ocr_carea' id='block_1_8' title="bbox 608 3701 3070 4594">
    <p class='ocr_par' dir='ltr' id='par_1_9' title="bbox 608 3701 3070 4414">
     <span class='ocr_line' id='line_1_36' title="bbox 791 3701 3066 3788; baseline 0 -21"><span class='ocrx_word' id='word_1_385' title='bbox 791 3701 937 3767; x_wconf 89' lang='grc'><strong>579.</strong></span> <span class='ocrx_word' id='word_1_386' title='bbox 985 3701 1213 3786; x_wconf 79' lang='grc' dir='ltr'><strong><em>εἷρξαι]</em></strong></span> <span class='ocrx_word' id='word_1_387' title='bbox 1280 3703 1370 3767; x_wconf 85' lang='lat' dir='ltr'><strong><em>of.</em></strong></span> <span class='ocrx_word' id='word_1_388' title='bbox 1428 3703 1622 3767; x_wconf 85' lang='lat' dir='ltr'><strong>Arist.</strong></span> <span class='ocrx_word' id='word_1_389' title='bbox 1678 3703 1838 3768; x_wconf 83' lang='lat' dir='ltr'><strong>Ach.</strong></span> <span class='ocrx_word' id='word_1_390' title='bbox 1887 3704 2034 3767; x_wconf 85' lang='lat'><strong>330.</strong></span> <span class='ocrx_word' id='word_1_391' title='bbox 2107 3709 2255 3786; x_wconf 87' lang='grc' dir='ltr'><strong><em>μῶν</em></strong></span> <span class='ocrx_word' id='word_1_392' title='bbox 2318 3704 2444 3788; x_wconf 79' lang='grc' dir='ltr'><strong><em>ἔχει</em></strong></span> <span class='ocrx_word' id='word_1_393' title='bbox 2504 3727 2618 3769; x_wconf 85' lang='grc' dir='ltr'><strong><em>του</em></strong></span> <span class='ocrx_word' id='word_1_394' title='bbox 2681 3702 2935 3768; x_wconf 79' lang='grc' dir='ltr'><strong><em>παιδίον</em></strong></span> <span class='ocrx_word' id='word_1_395' title='bbox 2987 3741 3066 3750; x_wconf 89' lang='grc'><strong>-</strong></span> 
     </span>
     <span class='ocr_line' id='line_1_37' title="bbox 611 3791 3070 3876; baseline 0 -20"><span class='ocrx_word' id='word_1_396' title='bbox 611 3793 797 3857; x_wconf 78' lang='grc' dir='ltr'><strong><em>ἔνδον</em></strong></span> <span class='ocrx_word' id='word_1_397' title='bbox 843 3793 1083 3874; x_wconf 55' lang='grc' dir='ltr'><strong><em>εἴρξας</em></strong></span> <span class='ocrx_word' id='word_1_398' title='bbox 1262 3792 1622 3876; x_wconf 89' lang='grc' dir='ltr'><strong><em>ἀνειμένας]</em></strong></span> <span class='ocrx_word' id='word_1_399' title='bbox 1687 3792 1737 3856; x_wconf 90' lang='grc' dir='ltr'><strong><em>Ι.</em></strong></span> <span class='ocrx_word' id='word_1_400' title='bbox 1786 3810 1838 3857; x_wconf 91' lang='lat' dir='ltr'><strong><em>e.</em></strong></span> <span class='ocrx_word' id='word_1_401' title='bbox 1902 3791 2148 3859; x_wconf 90' lang='lat' dir='ltr'><strong>libere</strong></span> <span class='ocrx_word' id='word_1_402' title='bbox 2202 3797 2583 3876; x_wconf 81' lang='lat' dir='ltr'><strong>vagantes.</strong></span> <span class='ocrx_word' id='word_1_403' title='bbox 2662 3793 2932 3876; x_wconf 82' lang='lat' dir='ltr'><strong>Anglioe</strong></span> <span class='ocrx_word' id='word_1_404' title='bbox 2994 3799 3070 3857; x_wconf 81' lang='lat' dir='ltr'><strong><em>at</em></strong></span> 
     </span>
     <span class='ocr_line' id='line_1_38' title="bbox 609 3879 3065 3966; baseline 0.001 -21"><span class='ocrx_word' id='word_1_405' title='bbox 609 3881 834 3965; x_wconf 82' lang='lat' dir='ltr'><strong>large.</strong></span> <span class='ocrx_word' id='word_1_406' title='bbox 913 3879 1003 3946; x_wconf 85' lang='lat' dir='ltr'><strong><em>Of.</em></strong></span> <span class='ocrx_word' id='word_1_407' title='bbox 1058 3882 1243 3945; x_wconf 90' lang='grc'><strong>1101.</strong></span> <span class='ocrx_word' id='word_1_408' title='bbox 1307 3881 1512 3964; x_wconf 88' lang='grc' dir='ltr'><strong><em>κόρην</em></strong></span> <span class='ocrx_word' id='word_1_409' title='bbox 1554 3882 1675 3965; x_wconf 79' lang='grc' dir='ltr'><strong><em>μὲν</em></strong></span> <span class='ocrx_word' id='word_1_410' title='bbox 1720 3885 1796 3946; x_wconf 79' lang='grc' dir='ltr'><strong><em>ὲκ</em></strong></span> <span class='ocrx_word' id='word_1_411' title='bbox 1831 3919 1913 3929; x_wconf 89' lang='grc'><strong>-</strong></span> <span class='ocrx_word' id='word_1_412' title='bbox 1947 3883 2165 3966; x_wconf 84' lang='grc' dir='ltr'><strong><em>στέγης</em></strong></span> <span class='ocrx_word' id='word_1_413' title='bbox 2209 3883 2370 3954; x_wconf 86' lang='grc' dir='ltr'><strong><em>ἄνες.</em></strong></span> <span class='ocrx_word' id='word_1_414' title='bbox 2433 3883 2529 3947; x_wconf 88' lang='grc' dir='ltr'><strong><em>ΕΙ.</em></strong></span> <span class='ocrx_word' id='word_1_415' title='bbox 2577 3881 2724 3945; x_wconf 91' lang='grc'><strong>516.</strong></span> <span class='ocrx_word' id='word_1_416' title='bbox 2771 3882 3065 3965; x_wconf 83' lang='grc' dir='ltr'><strong><em>ἀνειμένη</em></strong></span> 
     </span>
     <span class='ocr_line' id='line_1_39' title="bbox 609 3969 3066 4055; baseline -0 -20"><span class='ocrx_word' id='word_1_417' title='bbox 609 3970 746 4053; x_wconf 79' lang='grc' dir='ltr'><strong><em>μὲν,</em></strong></span> <span class='ocrx_word' id='word_1_418' title='bbox 798 3970 892 4041; x_wconf 86' lang='grc' dir='ltr'><strong><em>ὡς</em></strong></span> <span class='ocrx_word' id='word_1_419' title='bbox 936 3972 1176 4044; x_wconf 82' lang='grc' dir='ltr'><strong><em>ἔοικας,</em></strong></span> <span class='ocrx_word' id='word_1_420' title='bbox 1233 3969 1315 4034; x_wconf 83' lang='grc' dir='ltr'><strong><em>αὖ</em></strong></span> <span class='ocrx_word' id='word_1_421' title='bbox 1361 3972 1625 4053; x_wconf 90' lang='grc' dir='ltr'><strong><em>στρέφει.</em></strong></span> <span class='ocrx_word' id='word_1_422' title='bbox 1675 3973 1775 4054; x_wconf 89' lang='lat' dir='ltr'><strong><em>Aj.</em></strong></span> <span class='ocrx_word' id='word_1_423' title='bbox 1826 3972 1973 4036; x_wconf 88' lang='grc'><strong>754.</strong></span> <span class='ocrx_word' id='word_1_424' title='bbox 2031 3971 2165 4036; x_wconf 78' lang='grc' dir='ltr'><strong><em>εἷπε</em></strong></span> <span class='ocrx_word' id='word_1_425' title='bbox 2199 4010 2280 4018; x_wconf 93' lang='grc'>-</span> <span class='ocrx_word' id='word_1_426' title='bbox 2312 3972 2509 4055; x_wconf 81' lang='grc' dir='ltr'><strong><em>εἷρξαι</em></strong></span> <span class='ocrx_word' id='word_1_427' title='bbox 2543 4009 2623 4018; x_wconf 88' lang='grc'><strong>-</strong></span> <span class='ocrx_word' id='word_1_428' title='bbox 2655 3970 2890 4037; x_wconf 82' lang='grc' dir='ltr'><strong><em>Αἴανθ’</em></strong></span> <span class='ocrx_word' id='word_1_429' title='bbox 2937 3971 3066 4036; x_wconf 85' lang='grc' dir='ltr'><strong><em>ὕπὸ</em></strong></span> 
     </span>
     <span class='ocr_line' id='line_1_40' title="bbox 610 4058 3065 4145; baseline 0 -21"><span class='ocrx_word' id='word_1_430' title='bbox 610 4066 898 4144; x_wconf 84' lang='grc' dir='ltr'><strong><em>σκηναῒσι</em></strong></span> <span class='ocrx_word' id='word_1_431' title='bbox 948 4060 1106 4143; x_wconf 90' lang='grc' dir='ltr'><strong><em>μηδ’</em></strong></span> <span class='ocrx_word' id='word_1_432' title='bbox 1161 4058 1376 4143; x_wconf 87' lang='grc' dir='ltr'><strong><em>ἀφέντ’</em></strong></span> <span class='ocrx_word' id='word_1_433' title='bbox 1423 4060 1549 4124; x_wconf 82' lang='grc' dir='ltr'><strong><em>ἐᾶν.</em></strong></span> <span class='ocrx_word' id='word_1_434' title='bbox 1599 4062 1744 4125; x_wconf 91' lang='grc'><strong>796.</strong></span> <span class='ocrx_word' id='word_1_435' title='bbox 1793 4059 1948 4125; x_wconf 77' lang='lat' dir='ltr'><strong>Plat.</strong></span> <span class='ocrx_word' id='word_1_436' title='bbox 1994 4060 2076 4125; x_wconf 91' lang='grc' dir='ltr'><strong><em>ΙΙ.</em></strong></span> <span class='ocrx_word' id='word_1_437' title='bbox 2127 4063 2271 4125; x_wconf 88' lang='grc'><strong>648.</strong></span> <span class='ocrx_word' id='word_1_438' title='bbox 2319 4063 2456 4142; x_wconf 91' lang='grc'><strong>(98</strong></span> <span class='ocrx_word' id='word_1_439' title='bbox 2500 4063 2578 4142; x_wconf 95' lang='grc'><strong><em>3.)</em></strong></span> <span class='ocrx_word' id='word_1_440' title='bbox 2625 4060 2737 4126; x_wconf 78' lang='grc' dir='ltr'><strong><em>ἐὰν</em></strong></span> <span class='ocrx_word' id='word_1_441' title='bbox 2782 4060 2842 4124; x_wconf 89' lang='grc' dir='ltr'><strong><em>δ’</em></strong></span> <span class='ocrx_word' id='word_1_442' title='bbox 2888 4061 3065 4145; x_wconf 79' lang='grc' dir='ltr'><strong><em>ἀνῇς,</em></strong></span> 
     </span>
     <span class='ocr_line' id='line_1_41' title="bbox 608 4146 3067 4234; baseline 0 -20"><span class='ocrx_word' id='word_1_443' title='bbox 608 4149 905 4233; x_wconf 82' lang='grc' dir='ltr'><strong><em>ὕβριστόν</em></strong></span> <span class='ocrx_word' id='word_1_444' title='bbox 968 4146 1139 4234; x_wconf 92' lang='grc' dir='ltr'><strong><em>(ἐστι)</em></strong></span> <span class='ocrx_word' id='word_1_445' title='bbox 1201 4155 1420 4233; x_wconf 87' lang='grc' dir='ltr'><strong><em>χρῆμα</em></strong></span> <span class='ocrx_word' id='word_1_446' title='bbox 1483 4150 1880 4216; x_wconf 85' lang='grc' dir='ltr'><strong><em>κάκόλαστον</em></strong></span> <span class='ocrx_word' id='word_1_447' title='bbox 1926 4153 2031 4232; x_wconf 83' lang='lat' dir='ltr'><strong>(se.</strong></span> <span class='ocrx_word' id='word_1_448' title='bbox 2079 4151 2350 4231; x_wconf 88' lang='lat' dir='ltr'><strong>mulier).</strong></span> <span class='ocrx_word' id='word_1_449' title='bbox 2416 4149 2628 4216; x_wconf 86' lang='lat' dir='ltr'><strong>Solon.</strong></span> <span class='ocrx_word' id='word_1_450' title='bbox 2678 4152 2737 4234; x_wconf 91' lang='grc'><strong><em>6,</em></strong></span> <span class='ocrx_word' id='word_1_451' title='bbox 2789 4152 2846 4214; x_wconf 88' lang='grc'><strong><em>2.</em></strong></span> <span class='ocrx_word' id='word_1_452' title='bbox 2907 4151 3067 4233; x_wconf 88' lang='grc' dir='ltr'><strong><em>μήτε</em></strong></span> 
     </span>
     <span class='ocr_line' id='line_1_42' title="bbox 608 4238 3066 4393; baseline 0 -90"><span class='ocrx_word' id='word_1_453' title='bbox 608 4238 1049 4393; x_wconf 69' lang='grc' dir='ltr'><strong><em>λίηνὸάνεθεὶς</em></strong></span> <span class='ocrx_word' id='word_1_454' title='bbox 1100 4240 1259 4323; x_wconf 89' lang='grc' dir='ltr'><strong><em>μήτε</em></strong></span> <span class='ocrx_word' id='word_1_455' title='bbox 1310 4239 1684 4322; x_wconf 81' lang='grc' dir='ltr'><strong><em>πιεζόμενος</em></strong></span> <span class='ocrx_word' id='word_1_456' title='bbox 1728 4239 2016 4323; x_wconf 87' lang='grc' dir='ltr'><strong><em>(δῆμος).</em></strong></span> <span class='ocrx_word' id='word_1_457' title='bbox 2072 4238 2307 4306; x_wconf 90' lang='lat' dir='ltr'><strong>Herod.</strong></span> <span class='ocrx_word' id='word_1_458' title='bbox 2356 4238 2498 4305; x_wconf 88' lang='lat' dir='ltr'><strong>VII.</strong></span> <span class='ocrx_word' id='word_1_459' title='bbox 2551 4241 2696 4305; x_wconf 93' lang='grc'><strong>103.</strong></span> <span class='ocrx_word' id='word_1_460' title='bbox 2751 4239 3066 4323; x_wconf 85' lang='grc' dir='ltr'><strong><em>ἀνειμένοι</em></strong></span> 
     </span>
     <span class='ocr_line' id='line_1_43' title="bbox 608 4327 1190 4414; baseline 0.002 -21"><span class='ocrx_word' id='word_1_461' title='bbox 608 4327 675 4399; x_wconf 87' lang='grc' dir='ltr'><strong><em>ἐς</em></strong></span> <span class='ocrx_word' id='word_1_462' title='bbox 716 4352 750 4391; x_wconf 89' lang='grc' dir='ltr'><strong><em>τ</em></strong></span> <span class='ocrx_word' id='word_1_463' title='bbox 835 4328 1190 4414; x_wconf 84' lang='grc' dir='ltr'><strong><em>ἐλεύθερον.</em></strong></span> 
     </span>
    </p>

    <p class='ocr_par' dir='ltr' id='par_1_10' title="bbox 608 4416 3066 4594">
     <span class='ocr_line' id='line_1_44' title="bbox 791 4416 3066 4503; baseline 0.003 -21"><span class='ocrx_word' id='word_1_464' title='bbox 791 4418 937 4482; x_wconf 89' lang='grc'><strong>582.</strong></span> <span class='ocrx_word' id='word_1_465' title='bbox 984 4417 1077 4484; x_wconf 81' lang='lat' dir='ltr'><strong><em>Of.</em></strong></span> <span class='ocrx_word' id='word_1_466' title='bbox 1124 4416 1238 4483; x_wconf 88' lang='lat' dir='ltr'><strong><em>Ph.</em></strong></span> <span class='ocrx_word' id='word_1_467' title='bbox 1291 4419 1433 4483; x_wconf 93' lang='grc'><strong>179.</strong></span> <span class='ocrx_word' id='word_1_468' title='bbox 1507 4416 1567 4483; x_wconf 85' lang='grc' dir='ltr'><strong><em>ὦ</em></strong></span> <span class='ocrx_word' id='word_1_469' title='bbox 1632 4417 1907 4484; x_wconf 90' lang='grc' dir='ltr'><strong><em>δύστανα</em></strong></span> <span class='ocrx_word' id='word_1_470' title='bbox 1981 4419 2127 4502; x_wconf 86' lang='grc' dir='ltr'><strong><em>γένη</em></strong></span> <span class='ocrx_word' id='word_1_471' title='bbox 2182 4421 2438 4503; x_wconf 90' lang='grc' dir='ltr'><strong><em>βροτῶν</em></strong></span> <span class='ocrx_word' id='word_1_472' title='bbox 2499 4418 2595 4490; x_wconf 79' lang='grc' dir='ltr'><strong><em>οἷς</em></strong></span> <span class='ocrx_word' id='word_1_473' title='bbox 2656 4418 2747 4502; x_wconf 81' lang='grc' dir='ltr'><strong><em>μὴ</em></strong></span> <span class='ocrx_word' id='word_1_474' title='bbox 2812 4419 3066 4503; x_wconf 75' lang='grc' dir='ltr'><strong><em>μέτριος</em></strong></span> 
     </span>
     <span class='ocr_line' id='line_1_45' title="bbox 608 4506 3065 4594; baseline 0 -22"><span class='ocrx_word' id='word_1_475' title='bbox 608 4506 786 4572; x_wconf 80' lang='grc' dir='ltr'><strong><em>αἰών.</em></strong></span> <span class='ocrx_word' id='word_1_476' title='bbox 832 4506 1068 4572; x_wconf 90' lang='lat' dir='ltr'><strong>Herod.</strong></span> <span class='ocrx_word' id='word_1_477' title='bbox 1116 4506 1226 4571; x_wconf 87' lang='lat' dir='ltr'><strong><em>VI.</em></strong></span> <span class='ocrx_word' id='word_1_478' title='bbox 1275 4508 1377 4571; x_wconf 88' lang='lat'><strong><em>86.</em></strong></span> <span class='ocrx_word' id='word_1_479' title='bbox 1511 4513 1739 4573; x_wconf 86' lang='grc' dir='ltr'><strong><em>κακῶν</em></strong></span> <span class='ocrx_word' id='word_1_480' title='bbox 1783 4507 2113 4594; x_wconf 87' lang='grc' dir='ltr'><strong><em>ἄγευστος]</em></strong></span> <span class='ocrx_word' id='word_1_481' title='bbox 2168 4507 2255 4573; x_wconf 84' lang='lat' dir='ltr'><strong><em>Of.</em></strong></span> <span class='ocrx_word' id='word_1_482' title='bbox 2303 4506 2453 4574; x_wconf 87' lang='lat' dir='ltr'><strong>Eur.</strong></span> <span class='ocrx_word' id='word_1_483' title='bbox 2500 4509 2657 4576; x_wconf 83' lang='lat' dir='ltr'><strong>He0.</strong></span> <span class='ocrx_word' id='word_1_484' title='bbox 2707 4509 2853 4576; x_wconf 73' lang='lat'><strong>315.</strong></span> <span class='ocrx_word' id='word_1_485' title='bbox 2899 4507 3065 4582; x_wconf 88' lang='grc' dir='ltr'><strong><em>ὅστις</em></strong></span> 
     </span>
    </p>
   </div>
  </div>
 </body>
</html>
