3463 5287
1379 416 1629 469 nmmos
1674 419 1799 470 m
2687 393 2810 469 301

541 582 727 646 1093.
774 581 1158 665 χορεύεσθαι
1192 579 1310 666 -]
1358 579 1676 647 choreis
1720 580 2103 649 celebrari
2134 614 2246 645 -.
2313 579 2402 646 Cf.
2436 582 2585 646 Ant.
2624 582 2813 646 1152.

359 673 437 736 αῖ
470 670 757 755 (βάκχαι)
812 695 882 736 σε
929 707 1013 718 -
1059 671 1369 754 πάννυχοι
1431 671 1785 755 χορεύουσι.
1851 669 2035 735 Pind.
2083 670 2152 735 P.
2199 671 2259 754 8,
2310 672 2411 735 37.
2477 671 2697 745 αὔξων
2745 670 2816 736 ὀὲ

357 761 606 844 πάτραν
649 759 1013 825 Μιόυλιόᾶν
1057 760 1248 843 λόγον
1294 761 1523 844 φέρεις.
1569 760 1721 825 Isth.
1762 758 1812 824 I.
1848 763 1904 825 7.
1950 759 2059 825 τὸν
2105 760 2530 845 ἀκειρεκόμαν
2574 759 2815 844 Φοῖβον

356 850 667 934 χορεύων.
732 847 884 914 Eur.
940 850 1075 914 Ion.
1139 850 1326 914 1080.
1390 847 1489 913 Fr.
1546 851 1693 914 874.
1769 849 1882 934 τὴν
1943 850 2472 934 βεβακχιωμένην
2533 850 2816 934 βροτοῖσι

357 940 605 1024 κλεινὴν
649 937 896 1004 Νῦσαν.
953 938 1102 1004 Eur.
1148 939 1285 1023 Iph.
1329 939 1394 1002 Τ.
1443 940 1589 1002 353.
1644 939 1917 1004 αὐλεῖται
1973 939 2043 1003 δὲ
2087 944 2216 1003 πᾶν
2262 938 2608 1023 μέλαθρον.
2672 937 2815 1005 Hel.

364 1030 552 1094 1433.
620 1033 805 1113 γαιᾶν
866 1029 1147 1112 βοᾶσθαι
1210 1029 1553 1112 μακαρίαις
1596 1029 1965 1112 ὑμνῳδίαις.
2029 1026 2181 1094 Her.
2214 1029 2363 1093 401.
2408 1028 2819 1112 θυηπολεῖται

360 1118 419 1186 δ’
466 1119 621 1183 ἄστυ
683 1118 979 1201 μάντεων
1041 1118 1187 1182 ὕπο.
1250 1117 1441 1184 Hero.
1493 1118 1640 1182 871.
1702 1118 1863 1202 τάχα
1910 1117 1969 1182 σ’
2015 1117 2145 1201 ἐγὼ
2199 1117 2443 1201 μᾶλλον
2504 1118 2816 1202 χορεύσω.

359 1207 507 1272 686.
555 1206 860 1281 Μούσας,
926 1208 1003 1270 αῖ
1033 1207 1103 1290 μ’
1151 1207 1513 1290 ἐχόρευσαν.
1578 1206 1711 1292 Iph.
1760 1208 1837 1271 A.
1889 1207 2078 1271 1057.
2144 1208 2391 1291 γάμους
2455 1206 2816 1291 ἐχόρευσαν.

359 1297 537 1380 Virg.
587 1296 658 1362 G.
705 1296 789 1361 II.
837 1297 984 1360 487.
1049 1296 1434 1380 ‘virginibus
1496 1295 1797 1361 bacchata
1859 1295 2168 1361 Lacaenis
2208 1297 2217 1379 Ι
2257 1296 2570 1380 Taygeta)
2705 1320 2816 1380 χο·

366 1386 667 1468 ρεύεσθαι
711 1385 877 1468 πρὸς
923 1384 1135 1469 ἡμῶν]
1185 1384 1272 1450 Cf.
1322 1387 1467 1451 374.
1511 1390 1664 1469 μιᾶς
1708 1386 1919 1468 τρέφει
1964 1384 2129 1468 πρὸς
2174 1386 2416 1458 νυκτός.

337 1491 342 1496 ’
545 1477 732 1540 1094.
779 1475 1009 1559 ἐπίηρα
1064 1474 1375 1559 φέροντα]
1431 1475 1481 1540 Ι.
1528 1493 1579 1540 e.
1635 1475 2073 1559 χαριζόμενον.
2148 1473 2414 1540 Locutio
2459 1475 2819 1541 Homerica.

362 1565 451 1630 cf.
499 1563 687 1629 Hom.
734 1565 806 1629 ΙΙ.
859 1565 914 1646 1,
963 1565 1108 1629 572.
1163 1565 1354 1648 μητρὶ
1399 1564 1548 1648 φίλῃ
1607 1565 1836 1648 ἐπίηρα
1882 1565 2121 1647 φέρων.
2181 1563 2296 1630 Od.
2346 1566 2404 1647 3,
2458 1564 2602 1628 164.
2649 1562 2821 1637 αὖτις

359 1655 459 1719 ἐπ’
497 1654 776 1738 Ἀτρείὸῃ
814 1654 1236 1738 Ἀγαμέμνονι
1281 1652 1409 1738 ἦρα
1455 1654 1772 1738 φέροντες.
1872 1723 1886 1736 ,
1908 1660 2037 1725 τοῖς
2093 1654 2269 1737 ἐμοῖς
2313 1652 2674 1738 τυράννοις]
2723 1651 2815 1718 Of„

358 1744 441 1808 ad
488 1745 640 1808 Ant.
690 1744 792 1807 60.
861 1742 1013 1808 Eur.
1068 1742 1258 1828 Hipp.
1317 1743 1466 1808 870.
1532 1743 1881 1826 ὀλομένους
1931 1780 2011 1791 —
2058 1748 2188 1809 τῶν
2251 1744 2431 1827 ἐμῶν
2490 1743 2821 1827 τυράννων

363 1833 732 1987 &mdia
778 1922 896 2006 ιήιε
948 1920 1170 2006 Φοῖβε,
1218 1921 1318 1988 002
1365 1921 1438 1987 aa·
1479 1921 1648 1987 ταῦτ’
1694 1921 1901 2004 ἀρέστ’
1949 1920 2078 2007 εἴη]
2124 1921 2219 1990 of.
2262 1921 2358 1987 ΕΙ·
2394 1923 2539 1988 15⁰·
2585 1920 2824 2007 Nadssa,

366 2011 435 2076 σὲ
485 2011 542 2076 δ’
590 2013 789 2094 ἔγωγε
833 2013 1013 2095 νέμω
1058 2012 1232 2077 θεόν.

549 2101 734 2166 1099.
781 2106 910 2167 τῶν
970 2100 1432 2186 μακραιώνων]
1510 2100 1599 2166 Cf.
1656 2101 1807 2165 Ant.
1868 2101 2013 2165 987.
2086 2100 2334 2184 Μοῖραι
2395 2102 2820 2183 μακραίωνες.

363 2190 589 2256 Aesch.
638 2188 805 2275 Sept.
856 2191 1000 2254 524.
1051 2190 1401 2274 ὁαροβίοισι
1445 2191 1663 2255 θεοῖσι.
1718 2189 1927 2275 Apoll.
1974 2189 2175 2256 Rhod.
2222 2190 2305 2254 Π.
2355 2190 2500 2254 508.
2544 2190 2657 2274 τὴν
2701 2189 2822 2272 μὲν

365 2280 486 2363 γὰρ
533 2280 811 2364 φιλότητι
840 2280 995 2352 θεὸς
1023 2281 1332 2363 ποιήσατο
1377 2281 1638 2363 νύμφην
1677 2281 1687 2364 Ι
1728 2280 1924 2344 αὐτοῦ
1968 2280 2352 2362 μακραίωνα
2397 2279 2506 2343 καὶ
2551 2278 2822 2363 ἀγρότιν.

545 2369 734 2433 1100.
783 2367 1005 2441 Πανὸς
1077 2368 1483 2453 ὀρεσσιβάτα]
1559 2368 1648 2434 Cf.
1716 2370 1864 2433 Ant.
1924 2369 2070 2433 350.
2143 2367 2354 2453 θηρὸς
2429 2368 2819 2452 ὀρεσσιβάτα.

362 2457 462 2542 Aj.
513 2457 659 2522 694.
726 2459 919 2523 Arist.
964 2458 1074 2522 Th.
1125 2459 1271 2523 326.
1335 2457 1612 2542 Νύμφαι
1666 2460 1717 2521 τ’
1766 2457 2218 2542 ὀρείπλαγκτοι.
2273 2457 2527 2524 Theoor.
2575 2456 2625 2522 I.
2678 2459 2820 2521 124.

362 2546 421 2613 ὦ
468 2546 617 2611 Πὰν
664 2546 830 2624 Πὰν,
887 2549 992 2613 εἴτ’
1039 2549 1172 2613 ἔσσι
1226 2547 1366 2613 κατ’
1412 2549 1587 2632 ὤρεα
1642 2547 1864 2631 μακρὰ
1911 2547 2209 2623 Λυκαίω,
2252 2547 2263 2630 Ι
2311 2549 2429 2613 εἴτε
2471 2547 2544 2612 τύ
2591 2545 2649 2630 γ’
2696 2546 2820 2631 ἀμ-

363 2637 649 2722 φιπολεῖς
701 2637 864 2721 μέγα
912 2636 1262 2703 Μαίναλον.
1342 2637 1481 2703 Pan
1535 2639 1785 2721 οὔρειος
1841 2637 2073 2703 dicitur
2137 2636 2287 2703 Eur.
2334 2636 2470 2722 Iph.
2515 2636 2579 2702 T.
2633 2636 2822 2702 1126.

367 2728 766 2794 Gonsociatio
832 2728 972 2811 ejus
1046 2747 1194 2793 cum
1268 2729 1569 2813 nymphis
1642 2733 1900 2792 notatur
1970 2727 2115 2795 Hel.
2180 2729 2322 2792 191.
2387 2726 2615 2791 Bacch.
2675 2728 2822 2792 951.

455 2816 859 2901 ὀρεσσιβάτα]
909 2816 999 2882 Of.
1047 2818 1196 2882 Ant.
1247 2819 1393 2883 350.
1440 2816 1629 2881 Hom.
1668 2816 1750 2881 H.
1783 2814 1967 2882 XIX.
2006 2819 2060 2882 1.
2130 2816 2436 2883 Usitatior
2478 2817 2686 2882 forma
2729 2822 2826 2883 est

365 2907 712 2990 ὀρειβάτης.
769 2908 918 2972 Ant.
955 2907 1144 2972 1116.
1191 2907 1340 2980 Διὸς
1384 2907 1845 2991 βαρυβρεμέτα.

545 2997 736 3061 1101.
783 2998 823 3079 ἢ
871 2997 943 3060 σέ
987 3020 1056 3079 γε
1100 2995 1222 3080 -]
1271 2996 1363 3062 Cf.
1410 2995 1597 3060 Hom.
1646 2994 1762 3060 Od.
1811 2998 1870 3077 8,
1909 2997 2057 3060 489.
2115 2998 2155 3079 ἢ
2203 2996 2275 3060 σέ
2320 3019 2389 3078 γε
2433 2993 2651 3061 Μοῦσ’
2697 2995 2822 3061 §dl-

371 3085 525 3160 ὀαξε
569 3085 719 3157 Διὸς
763 3091 912 3157 παῖς
956 3089 996 3170 ἢ
1046 3087 1118 3150 σέ
1161 3089 1218 3169 γ’
1254 3085 1599 3150 Ἀπόλλων.
1656 3085 1730 3149 Il.
1782 3085 1884 3167 10,
1929 3086 2077 3148 481.
2134 3084 2291 3149 ἀλλὰ
2346 3084 2450 3150 λύ’
2497 3086 2759 3160 ἵππους,
2812 3082 2820 3171 Ι

364 3174 439 3258 ἠὲ
485 3174 563 3240 σύ
610 3174 669 3258 γ’
715 3174 956 3258 ἅνὸρας
1001 3176 1213 3258 ἔγειρε.
1259 3173 1496 3239 Herod.
1543 3173 1624 3240 H.
1678 3175 1821 3239 173.
1869 3174 2060 3240 λάθοι
2104 3176 2185 3239 ἂν
2229 3177 2270 3258 ἢ
2316 3173 2535 3257 μανεὶς
2580 3177 2621 3258 ἢ
2670 3174 2711 3239 ὅ
2753 3198 2825 3257 γε

365 3265 774 3347 ἀπόπληκτος
820 3265 1175 3348 γενόμενος.
1222 3264 1368 3329 VII.
1405 3265 1504 3328 10.
1552 3266 1593 3347 ἤ
1639 3287 1763 3330 κου
1795 3265 1863 3328 ἐν
1901 3269 1982 3349 γῇ
2027 3270 2104 3349 τῇ
2138 3264 2503 3346 Ἀθηναίων
2548 3266 2588 3347 ἢ
2636 3265 2709 3329 σέ
2753 3287 2824 3347 γε

366 3354 432 3418 ἐν
476 3360 552 3438 τῇ
598 3352 1146 3438 Λακεόαιμονίων.
1201 3354 1460 3419 Theocr.
1507 3352 1591 3418 X.
1640 3355 1743 3417 34.
1798 3354 1926 3426 τὼς
1980 3353 2195 3425 αὐλὼς
2255 3352 2376 3435 μὲν
2431 3353 2647 3435 ἔχοισα
2716 3352 2826 3417 καὶ

365 3446 405 3526 ἢ
453 3443 651 3526 ῥόδον
697 3445 738 3526 ἢ
770 3444 842 3508 τύ
875 3467 954 3525 γα
988 3444 1211 3526 μᾶλον.
1258 3444 1675 3509 Timocreont.
1708 3443 1806 3508 Fr.
1843 3446 1898 3507 1.
1946 3441 2080 3507 ἀλλ’
2127 3443 2185 3507 εἰ
2222 3442 2295 3507 τύ
2343 3466 2413 3525 γε
2447 3441 2828 3508 Παυσανίαν

365 3535 405 3615 ἢ
451 3532 561 3597 καὶ
610 3532 684 3596 τύ
741 3556 811 3615 γε
868 3531 1247 3598 Ξάνθιππον
1309 3533 1531 3604 αῖνέεις
1593 3535 1634 3616 ἢ
1689 3533 1762 3596 τύ
1822 3556 1890 3615 γε
1945 3531 2339 3615 Λευτυχίόαν
2392 3532 2519 3596 κτλ.
2656 3531 2827 3596 Πανὶ

364 3620 710 3705 πλαθεῖσα]
779 3620 867 3686 Cf.
913 3621 1010 3686 Tr.
1064 3623 1161 3686 17.
1218 3621 1380 3686 Phil.
1430 3622 1575 3686 677.
1643 3620 1753 3685 τὸν
1816 3622 2087 3686 πελάταν
2149 3621 2430 3705 λέκτρων
2500 3621 2651 3687 ποτὲ
2714 3627 2826 3687 τοῦ

367 3709 516 3782 Διὸς
551 3710 794 3785 Ἰξίονα.
858 3709 1013 3775 Eur.
1059 3710 1216 3776 Hec.
1266 3712 1413 3775 878.
1478 3709 1686 3795 Θρῃκὶ
1741 3711 2052 3775 πλαθεῖσα
2111 3712 2292 3793 ξένῳ.
2339 3710 2567 3776 Aesch.
2615 3709 2825 3775 Prom.

369 3800 516 3863 894.
561 3801 809 3883 μήποτέ
849 3799 941 3884 μ’,
989 3798 1048 3865 ὦ
1078 3799 1353 3884 Μοῖραι,
1409 3800 1647 3883 λεχέων
1703 3799 1855 3871 Διὸς
1920 3800 2360 3883 εὐνάτειραν
2424 3800 2669 3866 ἴόοισθε
2712 3801 2824 3864 πέ-

367 3888 603 3953 λουσαν
664 3889 832 3973 μηδὲ
894 3890 1205 3973 πλαθείην
1250 3890 1622 3972 (πλασθείην
1671 3890 1843 3972 mse.)
1900 3890 2138 3973 γαμέτᾳ
2183 3889 2297 3954 τινὶ
2340 3893 2469 3953 τῶν
2515 3890 2586 3964 ἐξ
2629 3886 2825 3973 οὐρα-

366 3983 500 4043 νοῦ.
547 3976 720 4042 PerS.
772 3980 916 4043 158.
964 3980 1124 4044 θεοῦ
1179 3978 1300 4062 μὲν
1345 3979 1666 4061 εὐνάτειρα
1715 3977 2014 4061 Περσῶν,
2080 3979 2243 4043 θεοῦ
2310 3978 2380 4043 ὂὲ
2445 3979 2556 4043 καὶ
2616 3979 2826 4063 μήτηρ

367 4068 543 4150 ἔφυς.
595 4069 739 4132 142.
786 4067 939 4132 Eur.
986 4069 1119 4133 Ion.
1174 4069 1271 4131 17.
1326 4066 1526 4152 οὗπερ
1572 4069 1865 4153 ηὐνάσθη
1914 4070 2071 4150 θεῷ.
2118 4067 2305 4132 Rhes.
2357 4069 2502 4132 920.
2549 4068 2829 4151 λέκτροις

365 4157 655 4239 ἐπλάθην
699 4157 1092 4241 Στρυμόνος.
1149 4157 1350 4221 Andr.
1396 4159 1497 4221 25.
1544 4157 1837 4222 πλαθεῖσ’
1894 4158 2227 4242 Ἀχιλλέως
2270 4156 2463 4220 παιὸί.
2507 4156 2645 4221 Tm.
2680 4157 2825 4222 203.

367 4244 558 4311 Hom.
605 4245 678 4309 Il.
733 4247 832 4328 16,
888 4247 1030 4311 176.
1079 4248 1153 4311 ὃν
1199 4248 1337 4311 τέκε
1384 4284 1466 4294 -
1519 4246 1674 4330 γυνὴ
1723 4247 1867 4330 θεῷ
1911 4247 2266 4330 εὐνηθεῖσα.

552 4336 739 4400 1103.
786 4336 1024 4407 πλάκες
1070 4335 1458 4420 ἀγρόνομοι]
1507 4334 1593 4399 Cf.
1641 4340 1791 4401 Ant.
1842 4338 1985 4401 786.
2034 4335 2419 4419 ἀγρονόμοις
2464 4336 2698 4407 αὐλαῖς.

556 4423 744 4488 1105.
793 4426 831 4489 ό
876 4424 1195 4510 Βακχεῖος
1241 4424 1429 4509 θεὸς]
1487 4424 1578 4491 Of.
1625 4427 1775 4489 Ant.
1831 4427 1972 4490 154.
2022 4424 2093 4491 Ο.
2128 4424 2195 4490 C.
2244 4426 2390 4490 678.
2446 4424 2831 4508 Βακχιώτας

366 4513 690 4586 Διόνυσος.
740 4515 934 4580 Arist.
964 4514 1072 4579 Th.
1109 4516 1252 4580 988.
1304 4515 1654 4600 κισσοφόρε
1683 4514 1960 4599 Βακχεῖε
1994 4515 2263 4580 (δέσποτ’.
2310 4513 2546 4580 Herod.
2578 4514 2690 4580 IV.
2728 4516 2826 4579 79.
