3463 5287
626 316 756 378 200
1551 332 1804 378 omoeus
1849 331 2156 377 coronans

627 493 782 558 Plat.
829 493 1014 576 Resp.
1061 492 1140 555 II.
1190 512 1246 576 p.
1280 494 1426 555 211.
1483 490 1712 575 νεκρὸν
1768 492 1969 574 μείζω
2015 494 2056 574 ἢ
2102 489 2241 554 κατ’
2287 491 2658 572 ἄνθρωπον.
2719 491 2882 555 Crat.
2932 494 3084 556 247.

624 589 814 647 ταῦτα
877 584 1077 665 μείζω
1143 582 1302 647 ἐστὶν
1328 624 1333 629 ·
1357 585 1396 665 ἢ
1443 582 1582 645 κατ’
1646 580 1763 664 ἐμὲ
1825 580 1934 644 καὶ
1996 579 2067 644 σὲ
2130 581 2421 661 ἐξευρεῖν.
2490 580 2656 644 Plut.
2705 584 2927 645 Artax.
2981 583 3083 644 15.

624 662 854 754 λόγους
919 672 989 736 δὲ
1050 663 1308 754 μείζους
1360 674 1401 754 ἢ
1447 670 1603 735 καθ’
1648 672 1821 754 ἡμᾶς
1885 670 2193 752 ἐάσωμεν.
2258 668 2426 735 Xon.
2474 668 2661 733 Mem.
2708 669 2819 734 IV.
2868 673 2927 733 4.
2976 673 3082 734 24.

624 762 940 844 βελτίονος
984 764 1024 844 ἢ
1071 761 1209 825 κατ’
1257 761 1611 842 ἄνθρωπον
1641 760 2002 842 νομοθέτου
2036 759 2219 822 δοκεῖ
2253 782 2366 841 μοι
2397 757 2566 823 εἶναι.
2614 759 2809 833 Isoor,
2841 780 2898 842 p.
2933 762 3084 823 223.

626 851 858 914 ἐλάττω
904 851 1167 932 νομίσας
1212 853 1253 933 ἢ
1300 849 1459 913 κατὰ
1505 849 1618 933 τὴν
1663 850 1859 913 αὑτοῦ
1905 850 2096 932 φύσιν
2142 847 2312 912 εἶναι.
2447 850 2669 930 μεῖζον
2713 851 2754 931 ἢ
2786 847 2924 912 κατ’
2970 850 3082 912 ἇν-

622 938 923 1024 θρωπον]
973 939 1061 1004 Cf.
1109 941 1257 1003 Ant.
1309 941 1452 1003 768.
1502 939 1746 1020 δράτω,
1804 939 2119 1021 φρονείτω
2171 938 2392 1020 μεῖζον
2445 940 2486 1020 ἢ
2533 937 2672 1001 κατ’
2719 938 2900 1018 ἄνδρ’
2946 939 3083 1002 ἰών.

624 1029 721 1092 Τι’.
760 1029 946 1092 1018.
992 1030 1264 1110 τοῦργον
1307 1027 1452 1091 τόδε
1503 1030 1722 1111 μεῖζον
1769 1028 1988 1113 ἀνήκει
2032 1028 2135 1109 (ἂν
2165 1027 2257 1109 εἴη
2293 1027 2557 1106 Nauck.)
2598 1027 2606 1108 Ι
2648 1029 2688 1109 ἢ
2734 1027 2873 1090 κατ’
2921 1026 3086 1109 ἐμὰν

625 1119 873 1199 ρώμαν.
923 1118 1020 1198 Aj.
1062 1118 1207 1180 761.
1255 1116 1419 1201 Sept
1473 1119 1619 1179 425.
1677 1117 1756 1180 οὗ
1802 1116 1942 1179 κατ’
1988 1116 2345 1197 ἄνθρωπον
2390 1122 2627 1199 φρονεῖ.
2677 1116 2885 1180 Prom.
2934 1117 3084 1180 890.

625 1207 775 1269 Eur.
798 1205 961 1270 Med.
985 1207 1130 1270 675.
1178 1205 1493 1288 σοφώτερ’
1540 1208 1580 1288 ἢ
1612 1204 1751 1269 κατ’
1783 1205 1986 1286 ἄνδρα
2019 1205 2362 1288 συμβαλεῖν
2392 1207 2534 1287 ἔπη.
2584 1205 2819 1269 Herod.
2845 1204 2956 1267 IV.
2980 1207 3083 1268 95.

625 1296 790 1378 ἤθεα
837 1292 1161 1378 βαθύτερα
1209 1297 1249 1377 ἢ
1290 1294 1448 1358 κατὰ
1490 1293 1792 1377 Θρήϊκας.
1843 1294 2017 1358 VIII.
2052 1295 2153 1357 38.
2203 1294 2323 1357 δύο
2356 1289 2476 1375 γὰρ
2509 1294 2764 1365 ὁπλίτας
2807 1295 3085 1377 μέζονας

625 1388 665 1468 ἢ
713 1384 874 1448 κατὰ
922 1384 1298 1465 ἀνθρώπων
1343 1385 1534 1466 φύσιν
1579 1386 1838 1467 ἔχοντας
1885 1383 2122 1462 (ἐόντας
2168 1382 2408 1464 Matth.)
2454 1384 2725 1448 ἕπεσθαί
2764 1407 2894 1466 σφι.

810 1474 955 1536 600.
1001 1479 1130 1537 τῶν
1176 1511 1259 1519 -
1309 1471 1712 1557 σπερμάτων]
1763 1472 1851 1536 Cf.
1906 1474 2091 1535 1275.
2139 1470 2197 1536 ὦ
2242 1473 2549 1554 σπέρματ’
2600 1470 2838 1555 ἀνδρὸς
2879 1473 3083 1536 τοῦδε.

809 1563 955 1625 602.
1005 1562 1092 1626 Cf.
1141 1561 1212 1626 Ο.
1246 1561 1316 1625 R.
1366 1563 1512 1625 951.
1576 1563 1635 1624 τί
1672 1564 1744 1644 μ’
1792 1562 2137 1644 ἔξεπέμψω
2204 1561 2396 1643 δεῦρο
2459 1561 2663 1625 τῶνδε
2727 1561 3085 1644 δωμάτων,·

626 1653 775 1715 434.
822 1652 1201 1734 ἑστειλάμην.
1271 1652 1414 1714 556.
1481 1650 1631 1714 Eur.
1678 1650 1832 1714 Heo.
1882 1651 2028 1713 963.
2092 1652 2151 1714 τί
2190 1649 2388 1734 χρῆμ’
2447 1651 2724 1733 έπέμψω
2769 1650 2880 1715 τὸν
2926 1650 3085 1734 ἐμὸν

627 1742 699 1805 ἐκ
748 1741 974 1822 δόμων
1026 1740 1233 1818 πόδα,·
1295 1741 1482 1805 Herc.
1537 1741 1723 1803 1421.
1790 1741 1875 1811 εἷς
1912 1740 2190 1823 Ἀθήνας
2251 1742 2595 1822 πέμψομαι
2648 1738 2891 1824 Θηβῶν
2952 1741 3084 1804 ἄπο

627 1831 679 1909 (I
725 1830 885 1892 will
931 1829 1115 1894 send
1164 1830 1278 1893 for
1320 1835 1516 1912 you).

809 1919 955 1981 604.
1002 1917 1424 2003 χρηστηρίων]
1491 1919 1583 1984 Cf.
1637 1920 1826 1983 1331.
1891 1920 1991 2001 Aj.
2040 1919 2185 1981 220.
2234 1917 2384 1981 Eur.
2432 1917 2565 1983 Ion.
2614 1919 2761 1981 419.
2807 1920 3083 2002 χρηστή-

626 2031 765 2090 ριον
828 2009 1124 2072 πέπτωκε
1186 2014 1313 2078 τοῖς
1376 2008 1637 2091 ἐπήλυσι
1679 2008 1688 2089 Ι
1728 2006 1946 2071 κοινὸν
2008 2006 2137 2090 πρὸ
2192 2013 2368 2071 ναοῦ.
2464 2008 2637 2072 Hinc
2699 2010 3082 2092 χρηστηριά-

628 2098 850 2171 ζεσθαι
896 2096 1153 2160 Diodor.
1200 2096 1322 2160 Sic.
1370 2095 1548 2161 XVI.
1599 2098 1701 2159 26.

808 2186 953 2249 606.
1000 2185 1167 2267 τάμὰ
1213 2185 1551 2271 κάκείνων]
1608 2187 1657 2250 Ι.
1706 2205 1758 2249 e.
1814 2185 1981 2268 τάμὰ
2037 2185 2145 2249 καὶ
2189 2185 2262 2249 τὰ
2310 2186 2587 2250 ἐκείνων.
2666 2184 2758 2249 Of.
2807 2186 2885 2249 ad
2935 2187 3085 2250 268.

629 2276 774 2337 588.
822 2274 916 2337 ΕΙ.
972 2275 1158 2339 1-498.
1206 2274 1354 2338 Eur.
1402 2276 1537 2358 Iph.
1590 2277 1660 2338 A.
1711 2277 1856 2338 859.
1914 2275 2111 2358 χωρὶς
2163 2274 2330 2356 τάμὰ
2377 2276 2883 2358 κάγαμέμνονος.
2932 2274 3083 2339 Eur.

630 2362 864 2427 Phoen.
913 2366 1059 2427 474.
1106 2363 1345 2446 τούμὸν
1389 2365 1497 2427 καὶ
1542 2364 1746 2428 τοῦδε.
1795 2363 1943 2427 Eur.
1991 2364 2085 2426 ΕΙ.
2130 2364 2275 2427 303.
2323 2364 2565 2446 ἄγγελλ’
2604 2363 2869 2447 Ὀρέστῃ
2917 2365 3085 2447 τάμὰ

627 2453 925 2516 κάκείνου
971 2453 1159 2516 κακά.
1236 2451 1360 2518 Sed
1409 2454 1573 2516 infra
1605 2454 1752 2515 922.
1798 2452 1964 2535 τάμὰ
2006 2453 2114 2517 καὶ
2158 2453 2231 2516 τὰ
2278 2458 2407 2516 τῶν
2438 2454 2631 2518 θεῶν.
2682 2452 2751 2517 Ο.
2785 2453 2856 2517 R.
2897 2455 3085 2518 1147.

812 2542 937 2606 607
973 2561 1065 2624 sq.
1114 2542 1205 2606 of.
1253 2540 1352 2607 Fr.
1404 2543 1548 2606 766.

808 2632 957 2696 609.
1005 2629 1250 2716 συγχεῖ]
1300 2631 1708 2697 Consumit.
1778 2631 1867 2696 Cf.
1898 2630 1995 2696 Tr.
2035 2632 2220 2695 1229.
2359 2632 2396 2695 ὁ
2426 2624 2797 2715 παγκρατὴς
2826 2631 3083 2718 χρόνος]

629 2720 720 2783 Cf.
757 2721 983 2785 Aesch.
1016 2720 1167 2785 Cho.
1203 2722 1348 2784 965.
1395 2722 1701 2804 παντελὴς
1746 2721 1979 2805 χρόνος
2010 2722 2225 2802 (schol.
2273 2722 2310 2784 ὁ
2341 2722 2543 2784 πάντα
2589 2722 2826 2802 τελῶν).
2875 2723 3083 2786 Prom.

631 2811 777 2873 981.
824 2809 1134 2875 Simonid.
1181 2809 1281 2874 Fr.
1332 2812 1387 2872 5.
1435 2811 1473 2874 δ
1517 2811 1962 2892 πανδαμάτωρ
2011 2848 2093 2856 -
2141 2811 2389 2894 χρόνος.

808 2900 954 2963 610.
1002 2900 1215 2982 φθίνει
1262 2937 1345 2945 -
1393 2899 1570 2983 ἰσχὺς
1616 2899 1763 2985 γῆς]
1815 2900 1903 2964 Cf.
1954 2900 2025 2964 Ο.
2059 2900 2130 2964 R.
2181 2901 2282 2963 25.
2333 2900 2477 2964 666.

808 2990 954 3051 611.
999 2989 1328 3072 βλαστάνει
1393 2989 1450 3053 δ’
1516 2988 1795 3073 ἀπιστία]
1863 2989 1951 3054 Cf.
2010 2990 2236 3053 Aesoh.
2284 2988 2448 3072 Sept.
2497 2989 2643 3052 600.
2709 2989 2823 3072 ἀφ’
2880 2988 2956 3072 ἧς
3009 2989 3083 3052 τὰ

628 3077 822 3141 κεδνὰ
867 3078 1196 3161 βλαστάνει
1240 3079 1659 3161 βουλεύματα.
1708 3079 1902 3142 Arist.
1951 3077 2096 3161 LyS.
2145 3078 2292 3143 406.
2437 3077 2717 3161 ἀπιστία]
2767 3078 2856 3142 Cf.
2903 3079 3082 3160 Trag.

628 3167 837 3251 adesp.
872 3168 973 3231 86.
1020 3166 1200 3231 πόλλ’
1247 3168 1493 3231 ἀπιστία
1543 3167 1853 3249 δέδρακεν
1898 3167 2115 3250 ἀγαθὰ
2171 3167 2280 3231 καὶ
2323 3168 2520 3239 πίστις
2567 3168 2782 3247 (πίστις
2829 3167 2889 3231 δ’
2936 3166 3083 3248 affe)

631 3257 820 3319 κακά.

808 3346 954 3408 612.
1001 3346 1253 3427 πρόσθε
1300 3383 1383 3391 -
1430 3345 1603 3431 ποτ’]
1654 3344 1742 3409 Cf.
1792 3347 1889 3427 Aj.
1939 3346 2084 3409 612.
2130 3345 2279 3427 πρὶν
2327 3345 2406 3429 δή
2452 3370 2620 3409 ποτε.

809 3435 954 3498 614.
1004 3434 1097 3499 Cf.
1133 3436 1228 3517 Aj.
1263 3437 1365 3498 34.
1411 3436 1613 3498 πάντα
1648 3435 1770 3518 γὰρ
1801 3436 1875 3497 τά
1905 3434 1957 3498 τ’
1991 3433 2105 3499 οὖν
2134 3436 2345 3516 πάρος
2386 3436 2394 3517 Ι
2432 3436 2507 3497 τά
2552 3435 2604 3498 τ’
2636 3436 2933 3499 εἷσέπειτα
2965 3440 3083 3500 etc.

628 3523 777 3587 Eur.
812 3523 946 3607 Iph.
976 3524 1041 3586 T.
1083 3525 1267 3588 1230.
1314 3525 1388 3587 τά
1418 3549 1483 3588 τε
1511 3530 1736 3606 πρῶτα
1769 3524 2107 3606 (πρόσθεῬ)
2153 3526 2227 3587 τά
2273 3524 2325 3587 τ’
2368 3526 2591 3588 ἔπειτα.
2729 3526 2796 3588 ἐν
2841 3526 3084 3607 ὑστέρῳ

626 3612 881 3697 χρόνῳ]
931 3612 1021 3676 Cf.
1067 3613 1163 3676 Tr.
1217 3615 1316 3677 18.
1362 3614 1581 3697 χρόνῳ
1630 3614 1687 3676 δ’
1737 3615 1804 3677 ἐν
1849 3615 2110 3696 ὑστέρῳ.

812 3703 959 3765 615.
1007 3701 1096 3765 Cf.
1148 3704 1244 3783 Aj.
1300 3704 1485 3766 1359.
1534 3702 1573 3785 ἦ
1621 3703 1823 3784 κάρτα
1870 3704 2091 3766 πολλοὶ
2137 3709 2251 3766 νῦν
2297 3704 2466 3786 φίλοι
2510 3701 2743 3774 καῦθις
2787 3705 3018 3785 πικροί.

808 3791 953 3854 616.
1001 3791 1323 3875 εὖημερεῒ]
1389 3790 1667 3855 Floret.
1747 3790 1837 3854 Cf.
1894 3792 1989 3855 ΕΙ.
2047 3792 2193 3854 653.
2261 3794 2715 3876 εὐημεροῦσαν.
2786 3793 2937 3856 Eur.
2986 3793 3082 3856 Fr.

632 3879 777 3962 773,
824 3883 927 3942 47.
975 3881 1315 3962 εὖαμερίαι.

808 3968 933 4031 617
969 3988 1057 4051 sq.
1108 3970 1196 4034 Cf.
1244 3968 1338 4032 ΕΙ.
1392 3970 1563 4031 1364
1596 3989 1687 4052 sq.
1861 3971 1899 4034 δ
1943 3972 2171 4053 μυρίος
2216 3969 2482 4054 χρόνος]
2533 3969 2620 4034 Cf.
2670 3973 2815 4035 397.
2862 3974 3085 4054 ἥξουσι

625 4059 815 4140 βαιοῦ
861 4058 1047 4141 κούχὶ
1089 4060 1324 4140 μυρίου
1371 4060 1627 4141 χρόνου.
1680 4058 1839 4121 Phil.
1896 4061 2080 4123 1168.
2126 4062 2357 4143 μυρίον
2403 4061 2627 4142 ἄχθος.
2685 4060 2781 4124 Fr.
2831 4062 2978 4140 377,
3034 4063 3083 4124 1.

624 4148 822 4227 μυρία
868 4149 982 4229 μία
1025 4149 1033 4230 Ι
1076 4148 1191 4221 νύξ
1236 4149 1373 4212 ἐστι.
1423 4150 1572 4212 Ant.
1616 4149 1798 4210 1064.
1846 4150 1980 4213 ἀλλ’
2028 4148 2097 4212 εὗ
2146 4151 2216 4232 γε’
2259 4173 2350 4213 τοι
2383 4151 2631 4214 κάτισθι
2676 4150 2768 4233 μὴ
2808 4148 3083 4220 πολλοὺς

627 4238 709 4298 ἔτι
751 4238 760 4316 Ι
800 4236 1070 4319 τροχοὺς
1116 4238 1539 4321 ἁμιλλητῆρας
1570 4238 1748 4320 ἥλιον
1786 4239 1975 4301 τελεῖν
2015 4240 2023 4321 Ι
2067 4240 2134 4301 ἓν
2167 4239 2286 4302 οἷσι
2322 4277 2430 4300 -.
2480 4239 2705 4303 Aesch.
2740 4240 2949 4302 Prom.
2980 4240 3081 4301 94.

627 4323 736 4387 τὸν
797 4333 1059 4409 μυριετῆ
1122 4327 1372 4408 χρόνον.
1440 4327 1592 4390 Eur.
1640 4327 1795 4390 Ηθο.
1845 4329 1991 4391 606.
2057 4330 2124 4391 ἔν
2187 4352 2282 4391 τοι
2342 4329 2560 4410 μυρίῳ
2614 4329 3022 4410 στρατεύματι
3071 4324 3080 4412 Ι

627 4412 977 4485 ἀκόλαστος
1050 4416 1255 4497 ὄχλος.
1332 4416 1565 4480 Phoon.
1625 4417 1772 4478 313.
1845 4417 2099 4499 μυρίαις
2163 4418 2230 4480 ἐν
2303 4417 2585 4499 ἁμέραις.
2663 4415 2877 4501 Suppl.
2939 4418 3083 4480 787.
