3463 5287
650 452 734 517 54
1726 470 2022 516 Ammona

647 632 809 716 ξήρη
855 632 1086 714 τρίβον.
1137 632 1326 695 1258.
1363 631 1552 695 1268.
1600 630 1713 694 Ph.
1750 631 1849 694 93.
1897 628 1994 693 ΕΙ.
2033 630 2175 693 103.
2252 630 2331 693 In
2375 629 2659 693 Homero
2706 627 3100 711 ἁρματροχιὴ

648 724 719 804 (a
763 721 1203 800 wheel-rut)
1248 719 1321 783 Il.
1370 722 1473 804 23,
1523 722 1668 784 505.

827 811 974 874 253.
1022 808 1504 893 ἡμεροσκόπος]
1555 808 1642 873 Cf.
1678 810 1823 873 775.
1873 807 2036 873 O.R.
2074 809 2262 872 1426.
2310 809 2536 873 Aesch.
2571 806 2737 892 Sept.
2774 808 2874 870 66.
2908 807 3101 870 Arist.

646 901 768 965 AV.
819 900 1008 964 1174.
1053 898 1292 963 Herod.
1342 901 1400 979 7,
1451 900 1594 962 182.

826 990 974 1052 256.
1019 989 1176 1071 ἄγος
1219 987 1599 1073 φεύγοντος]
1657 986 1749 1051 Of.
1799 988 2025 1053 Aesch.
2075 985 2289 1072 Suppl.
2317 989 2487 1051 375.
2544 988 2699 1068 ἄγος
2754 986 3101 1069 φυλάσσου.

648 1078 800 1142 Cho.
852 1080 997 1143 153.
1061 1079 1217 1161 ἄγος
1272 1074 1632 1161 ἀπεύχετον.
1696 1077 1887 1140 Thuc.
1935 1077 1983 1140 I.
2039 1078 2179 1140 134.
2245 1077 2338 1147 ὥς
2401 1077 2557 1158 ἄγος
2621 1076 2832 1146 αὐτοῖς
2894 1077 2970 1138 ὃν
3031 1075 3103 1138 τὸ

645 1169 1112 1251 πεπραγμένον.

827 1258 973 1320 257.
1021 1257 1166 1321 οὔτε
1203 1293 1285 1303 --
1318 1257 1463 1321 οὔτε
1494 1295 1577 1306 -
1610 1255 1720 1340 οὗ]
1779 1255 1883 1321 Sic
1934 1256 2156 1320 Aesch.
2208 1255 2305 1319 Pr.
2354 1256 2500 1319 488.
2550 1255 2671 1319 οὐκ
2716 1253 2797 1337 ἦν
2843 1254 3103 1336 ἀλέξημ’

648 1344 838 1410 οὐδὲν
884 1346 1028 1410 οὔτε
1070 1345 1421 1431 βρώσιμον,
1463 1346 1472 1427 Ι
1515 1347 1592 1410 οὗ
1638 1345 1910 1428 χριστὸν,
1967 1347 2111 1409 οὔτε
2154 1345 2387 1408 πιστόν.
2444 1345 2591 1408 459.
2650 1345 2794 1407 οὔτε
2836 1344 3101 1407 πλινθυ-

648 1440 789 1518 φεῖς
827 1435 836 1517 Ι
880 1435 1123 1518 δόμους
1167 1436 1540 1518 προσείλους
1583 1434 1768 1519 ᾖσαν,
1816 1436 1893 1500 οὗ
1942 1435 2332 1516 ξυλουργίαν.

827 1526 972 1587 258.
1021 1523 1348 1609 ἕλξαντος]
1399 1524 1487 1589 Of.
1535 1524 1685 1588 Eur.
1733 1524 1921 1589 Herc.
1972 1524 2116 1587 567.
2172 1528 2373 1605 κρᾶτα
2422 1523 2481 1586 δ’
2529 1519 2826 1587 ἀνόσιον
2807 1522 3042 1608 τεμὼν
3093 1519 3100 1607 Ι

648 1612 824 1696 ῥίψω
870 1619 1088 1679 κυνῶν
1133 1613 1379 1697 ἕλκημα
1425 1614 1832 1695 (ἔλκυσμαῖ)

828 1704 976 1766 259.
1023 1703 1199 1785 λόγοι
1256 1702 1313 1766 δ’
1371 1703 1437 1766 ἐν
1493 1704 1847 1786 ἀλλήλοισιν
1902 1703 2222 1785 ἐρρόθουν
2280 1672 2503 1786 κακοί]
2572 1701 2660 1766 Of.
2710 1703 2856 1765 290.
2912 1707 3104 1765 ταῦτα

649 1828 734 1839 --
781 1790 1103 1875 ἐρρόθουν
1148 1791 1306 1875 ἐμοί.
1355 1794 1502 1856 413.
1551 1792 1921 1873 ἐπιρρόθοις
1966 1798 2270 1856 κακοῖσιν.
2320 1791 2417 1854 Tr.
2466 1791 2612 1854 264.
2661 1793 2733 1862 ὃς
2778 1791 2970 1854 αὐτὸν
3022 1828 3096 1836 -

646 1878 850 1946 πολλὰ
912 1881 1033 1964 μὲν
1095 1882 1309 1965 λόγοις
1355 1882 1365 1966 Ι
1416 1881 1845 1965 ἓπερρόθησε,
1909 1880 2111 1945 πολλὰ
2180 1881 2238 1944 δ’
2296 1881 2500 1963 ἀτηρᾷ
2554 1881 2750 1963 φρενί.
2808 1880 2906 1943 Fr.
2959 1882 3103 1943 700.

647 1970 983 2054 ἐπερρόθει
1022 1970 1031 2055 Ι
1075 1973 1393 2036 σαίνουσιν
1439 1972 1748 2053 οὐραίοισι
1792 1970 1905 2054 τὴν
1949 1971 2356 2053 κεκτημένην.
2435 1970 2609 2033 Infra
2654 1971 2801 2032 413.
2849 1970 3101 2051 ἐπιρρό-

646 2061 792 2131 θοις
845 2066 1150 2125 κακοῖσιν.
1216 2061 1363 2123 290.
1426 2066 1616 2124 ταῢτα
1667 2098 1749 2107 -
1807 2061 2126 2143 ἐρρόθουν
2191 2060 2347 2141 ἐμοί.
2414 2059 2641 2123 Aesch.
2701 2058 2905 2122 Prom.
2957 2061 3102 2123 200.

646 2148 798 2212 Eur.
847 2147 1077 2214 Bacch.
1130 2150 1316 2213 1129.
1380 2149 1461 2233 ἦν
1526 2149 1596 2213 δὲ
1658 2148 1810 2213 πᾶσ’
1866 2150 2034 2231 ὁμοῦ
2088 2149 2241 2232 βοὴ,
2284 2151 2292 2229 Ι
2334 2149 2371 2212 ὁ
2415 2148 2536 2231 μὲν
2589 2150 2905 2223 στενάζων
2951 2149 3106 2212 ὅσον

648 2237 983 2320 ἐτύγχανεν
1026 2239 1258 2312 πνέων,
1300 2237 1309 2323 Ι
1352 2240 1414 2302 οἱ
1469 2238 1527 2302 δ’
1576 2238 1907 2321 ἠλάλαζον.
1975 2238 2123 2302 Her.
2174 2237 2319 2301 836.
2366 2237 2437 2301 τὸ
2486 2238 2777 2318 δεύτερον
2827 2237 2897 2301 δὲ
2942 2237 3105 2308 ποὺς

649 2326 1067 2410 ἐπαλλαχθεὶς
1120 2327 1299 2402 ποδὶ,
1343 2329 1351 2411 Ι
1392 2328 1555 2410 ἀνὴρ
1613 2327 1672 2391 δ’
1721 2328 1820 2391 ἐπ’
1879 2326 2062 2408 ἀνδρὶ
2116 2327 2290 2401 στὰς,
2348 2328 2664 2409 ἐκαρτέρει
2716 2329 2894 2410 μάχη
2942 2330 3003 2409 (i.
3052 2346 3102 2390 e.

646 2417 824 2499 μάχη
889 2416 970 2500 ἦν
1042 2417 1364 2500 καρτερά.)
1438 2417 1571 2499 Iph.
1627 2417 1689 2480 T.
1750 2416 1895 2480 695.
1956 2417 2101 2479 947.
2176 2416 2416 2480 Phoen.
2479 2418 2665 2479 1462.
2741 2416 2897 2481 Heo.
2958 2417 3103 2480 976.

648 2504 840 2589 Hipp.
890 2507 992 2569 22.
1042 2504 1216 2590 Cyol.
1266 2507 1413 2570 331.
1462 2506 1626 2572 Xen.
1675 2506 1842 2570 Hell.
1891 2505 1970 2569 ΙΙ.
2020 2507 2077 2568 2.
2128 2507 2184 2569 3.

834 2596 980 2659 261.
1026 2595 1383 2682 τελευτῶσἸΙ
1434 2595 1523 2662 Cf.
1572 2595 1729 2660 Plat.
1779 2594 2057 2679 Euthyd.
2107 2596 2252 2659 294.
2301 2595 2491 2660 οὐδὲν
2537 2596 2578 2659 ὅ
2619 2619 2672 2658 τι
2719 2596 2839 2659 οὐκ
2887 2596 3104 2678 ἠρώτα

645 2684 967 2750 τελευτῶν.
1015 2684 1177 2749 Crat.
1210 2688 1341 2749 414
1361 2686 1436 2751 D.
1482 2687 1883 2756 τελευτῶντες
1919 2691 2172 2750 ποιοῦσι
2205 2691 2319 2749 etc.
2370 2684 2533 2751 Xen.
2581 2684 2746 2748 Hell.
2797 2686 2856 2765 6,
2905 2689 2960 2748 2.
3006 2688 3104 2748 15.

647 2774 780 2838 ἐπεὶ
827 2773 897 2838 δὲ
943 2773 1133 2838 οῦδὲν
1179 2773 1360 2858 ἦττον
1404 2776 1823 2859 ηὐτομόλουν,
1868 2777 2169 2839 τελευτῶν
2213 2776 2322 2839 καὶ
2364 2780 2687 2857 μαστιγῶν
2720 2775 3103 2857 ἀπέπεμπεν.

736 2863 877 2928 οὐδ’
925 2864 963 2928 ὁ
1008 2864 1324 2929 κωλύσων
1377 2864 1613 2948 παρῆν]
1681 2864 1770 2927 Of.
1817 2864 1913 2928 El.
1967 2867 2156 2929 1197.
2229 2864 2368 2928 οὐδ’
2425 2865 2816 2946 οὑπαρήξων
2880 2863 3021 2929 οὐδ’
3070 2866 3105 2928 ὁ

646 2953 964 3017 κωλύσων
1009 2954 1220 3036 πάρα;
1266 2952 1377 3017 Ph.
1417 2956 1603 3017 1242.
1645 2955 1791 3016 251.
1840 2952 1911 3017 Ο.
1944 2953 2015 3017 R.
2055 2955 2130 3016 11
2156 2954 2192 3017 f.
2244 2954 2468 3016 Aesoh.
2502 2953 2708 3018 Prom.
2744 2955 2845 3016 27.
2894 2955 2931 3018 ό
2977 2955 3102 3018 λω-

646 3041 1637 3217 φησωέθέἷὶῖἴςω-Ῑ-πτὶῗῖκὲᾓπίὸἶ
1669 3130 1741 3195 R.
1780 3132 1924 3195 118.
1974 3132 2164 3195 Arist.
2198 3130 2312 3213 Eq.
2352 3133 2539 3196 1301.
2585 3131 2693 3196 καὶ
2737 3133 2891 3215 μίαν
2934 3133 3105 3206 λέξαι

646 3217 759 3285 τιν’
804 3219 1018 3284 αὐτῶν
1064 3225 1180 3286 etc.

826 3310 974 3372 263.
1022 3308 1323 3395 ἐναργὴς]
1390 3310 1483 3375 cf.
1534 3310 1759 3374 Aesoh.
1820 3309 1988 3374 Pers.
2053 3311 2194 3373 184.
2263 3310 2470 3374 Prom.
2530 3311 2674 3374 684.
2743 3312 2908 3395 Sept.
2962 3313 3103 3374 128.

646 3397 882 3463 Herod.
933 3399 1009 3461 V.
1059 3401 1161 3462 55.
1227 3401 1377 3482 ὄψις
1450 3400 1743 3464 ἐνυπνίου
1809 3400 2238 3482 ἐναργεστάτη.
2319 3399 2405 3463 Cf.
2454 3401 2600 3463 443.
2666 3401 2832 3464 κούκ
2897 3400 3102 3482 ἀπαρ-

646 3492 878 3571 νοῦμαι
940 3487 1012 3552 τὸ
1065 3487 1156 3572 μὴ
1216 3490 1311 3553 οὗ.
1380 3491 1524 3552 535.
1570 3493 1611 3573 ἢ
1664 3487 1870 3571 ’ξομεῒ
1906 3489 1977 3552 τὸ
2022 3489 2113 3572 μὴ
2164 3490 2422 3565 εἰδέναι,·
2486 3488 2585 3552 Fr.
2640 3491 2782 3552 152.
2830 3488 3020 3572 ἐγῷδ’
3068 3493 3105 3552 ὃ

645 3577 928 3660 φεύγεις·
995 3578 1074 3642 οὗ
1129 3576 1200 3642 τὸ
1262 3577 1353 3661 μὴ
1421 3579 1630 3642 κλύειν
1693 3584 1932 3648 κακῶς.
1993 3576 2062 3641 O.
2096 3578 2167 3642 R.
2221 3580 2407 3642 1010.
2476 3580 2532 3642 εἰ
2589 3579 2791 3643 τῶνδε
2855 3580 3107 3661 φεύγεις

647 3666 831 3731 εἵνεκ’
878 3668 965 3738 εἰς
1028 3669 1246 3739 οἴκους
1299 3667 1532 3750 μολεῖν.
1600 3667 1750 3730 Eur.
1797 3666 1952 3730 Heo.
2005 3669 2150 3732 507.
2215 3667 2425 3750 παρὸν
2482 3669 2823 3741 σεσῶσθαι,
2871 3670 3104 3751 φευξό·

644 3757 859 3839 μεσθα
913 3756 1005 3840 μὴ
1065 3758 1317 3833 θανεῒν,·
1380 3756 1477 3819 Fr.
1527 3758 1674 3831 897,
1723 3756 1780 3818 9.
1844 3755 1914 3820 τὸ
1984 3756 2041 3819 δ’
2089 3759 2241 3839 ἐρᾶν
2303 3758 2599 3840 προλέγω
2663 3764 2816 3821 τοῖσι
2880 3760 3108 3822 νέοισιν

644 3845 894 3928 μήποτε
954 3846 1225 3928 φεύγειν.
1289 3846 1523 3910 Herod.
1565 3845 1698 3909 VII.
1740 3846 1881 3909 194.
1946 3847 2203 3929 βασιλέα
2254 3883 2336 3893 ——-
2387 3847 2721 3930 διαφυγὼν
2783 3848 2875 3931 μὴ
2943 3849 3102 3911 ἀπο-

646 3934 885 3998 λέσθαι.
941 3934 1120 3998 Dem.
1169 3955 1226 4018 p.
1275 3936 1421 3998 813.
1487 3937 1682 4018 ἔφυγε
1745 3936 1952 4018 μηδὲν
2018 3936 2360 4018 διαγνῶναι
2405 3937 2548 4018 περὶ
2594 3938 2821 4000 αὐτῶν.
2900 3936 3105 4000 Schol.

648 4023 727 4086 ad
778 4021 850 4087 Ο.
885 4023 950 4087 C.
1000 4026 1147 4087 218.
1213 4023 1558 4106 ἀποφυγὴν
1620 4029 1730 4087 τοῦ
1795 4025 1886 4108 μὴ
1938 4026 2143 4088 εἰπεῖν.
2200 4026 2356 4089 Hor.
2406 4026 2520 4090 Od.
2571 4027 2615 4089 Ι.
2667 4027 2723 4088 9.
2764 4028 2860 4089 13.
2907 4026 3107 4102 ‘Quid

647 4112 734 4175 sit
776 4113 1061 4176 futurum
1109 4132 1248 4177 oras
1293 4114 1440 4198 fuge
1488 4118 1827 4197 quaerere)
1877 4114 2070 4197 Epist.
2117 4115 2198 4179 II.
2249 4119 2306 4179 2.
2356 4117 2496 4178 150.
2542 4114 2848 4198 ‘Fugeres
2895 4116 3106 4180 radice

649 4202 749 4265 vel
793 4201 992 4266 herba
1037 4238 1121 4247 —
1169 4201 1488 4266 curarier.'

828 4283 973 4353 265.
1021 4296 1152 4372 πῦρ
1218 4291 1511 4376 διέρπειν]
1579 4291 1670 4355 Of.
1729 4293 1895 4357 Xen.
1955 4293 2169 4377 Symp.
2230 4296 2298 4376 4,
2351 4294 2446 4358 16.
2513 4293 2703 4377 ἔγωγ’
2769 4291 2886 4358 οὖν
2947 4294 3104 4376 μετὰ

648 4378 938 4443 Πεινίου
1004 4382 1125 4443 κᾶν
1191 4379 1294 4444 διὰ
1359 4381 1565 4462 πυρὸς
1628 4383 1806 4464 ἰοίην.
1876 4381 2107 4446 Oecon.
2158 4385 2259 4464 21,
2309 4386 2364 4446 7.
2431 4384 2905 4466 ἀκολουθητέον
2952 4382 3106 4447 εἶναι

647 4468 755 4532 καὶ
802 4468 905 4532 διὰ
950 4469 1157 4550 πυρὸς
1219 4469 1326 4533 καὶ
1390 4470 1519 4554 διὰ,
1549 4471 1784 4541 παντὸς
1830 4472 2146 4534 κινδύνου.
2217 4472 2393 4536 Dem.
2441 4492 2498 4557 p.
2553 4474 2740 4536 1269.
2785 4479 2897 4537 τοῦ
2945 4474 3107 4536 κατὰ

644 4563 776 4623 τῶν
820 4558 1072 4624 παίδων
1118 4559 1426 4641 ὀμνύντος
1471 4559 1578 4624 καὶ
1625 4560 1726 4624 διὰ
1760 4567 1871 4624 τοῦ
1902 4560 2122 4642 πυρός.
2171 4561 2487 4646 Posidipp.
2523 4563 2748 4626 Athen.
2783 4583 2839 4648 p.
2876 4564 3002 4626 662
3028 4565 3106 4626 A.
