3463 5287
1481 405 1779 450 Ammon
2768 388 2850 449 55

400 563 501 626 διά
566 569 696 627 τῶν
756 569 1096 646 μαχαιρῶν
1159 571 1270 628 τοῦ
1335 565 1539 646 πυρός
1602 565 1652 628 τ’
1718 564 2038 647 ἕλήλυθεν.
2108 564 2284 648 Virg.
2330 565 2490 628 Aen.
2540 563 2654 628 XI.
2706 566 2849 629 787.

396 653 709 716 ‘Medium
755 655 897 717 freti
945 655 1177 738 pietate
1224 674 1336 737 per
1382 657 1596 737 ignem
1636 654 1646 738 Ι
1688 653 1977 718 Cultores
2024 655 2224 718 multa
2268 656 2617 737 premimus
2664 657 2851 719 vesti-

396 745 503 821 gia
548 742 784 826 pruna?
862 742 1093 807 Confer
1139 744 1331 806 etiam
1376 744 1761 807 locutionem
1809 743 1911 807 διὰ
1958 744 2163 825 πυρὸς
2208 744 2528 817 σώζεσθαι
2577 743 2754 808 Paul.
2800 745 2849 808 Ι.

402 831 594 915 Epist.
643 832 780 896 Cor.
828 831 943 896 III.
998 834 1097 895 15.
1175 832 1257 896 Et
1299 835 1460 897 Esai.
1510 832 1741 897 XLVI.
1796 833 1893 895 12.
2030 834 2428 916 ὁρκωμοτεῖν
2472 832 2542 896 τὸ
2592 833 2709 918 —-]
2759 834 2848 898 Cf.

401 922 544 983 535.
593 922 812 1003 φήσεις
855 929 1185 1004 μετασχεῖν
1231 925 1270 1005 ἢ
1323 921 1529 1005 ’ξομεῖ
1573 921 1644 986 τὸ
1699 922 1789 1005 μὴ
1839 923 2100 998 εἶδέναι,·
2280 921 2700 1006 ὁρκωμοτεῖν]
2759 922 2847 986 Cf.

398 1011 624 1075 Aesch.
673 1009 839 1095 Sept.
886 1011 989 1074 46.
1038 1012 1222 1074 Eum.
1275 1013 1419 1074 764.
1466 1011 1615 1075 Eur.
1665 1012 1880 1095 Suppl.
1934 1012 2121 1076 1190.
2170 1013 2362 1076 Arist.
2409 1012 2508 1075 Fr.
2559 1012 2659 1075 70.

577 1101 722 1163 268.
772 1098 858 1162 Cf.
908 1102 1097 1165 Arist.
1148 1101 1316 1165 Ecol.
1356 1102 1539 1166 1094.
1589 1101 1721 1165 ἀλλ’
1770 1101 1960 1165 οὐδὲν
2005 1102 2172 1165 ἔσται
2217 1125 2316 1164 σοι
2361 1101 2570 1166 πλέον.
2621 1099 2847 1166 Cratot.

394 1188 475 1253 II.
526 1192 671 1253 237.
717 1191 776 1253 τί
817 1190 972 1273 δῆτα
1018 1191 1183 1254 τοῦτ’
1230 1191 1440 1261 αὐτοῖς
1484 1192 1708 1267 πλέον,·

576 1281 721 1343 269.
765 1303 856 1349 τις
901 1279 1017 1363 εἷς]
1066 1277 1154 1343 Cf.
1203 1279 1275 1344 Οἵ
1306 1280 1378 1343 R.
1427 1281 1572 1343 246.
1622 1283 1737 1345 εἴτε
1781 1305 1869 1350 τις
1914 1280 2001 1351 εἷς
2046 1282 2142 1343 ὢν
2187 1280 2466 1362 λέληθεν.

577 1370 720 1433 270.
767 1369 937 1451 κάρα
1002 1375 1214 1433 νεῦσαι
1263 1367 1377 1456 —]
1453 1369 1543 1434 Cf.
1600 1371 1748 1433 441.
1824 1369 1894 1433 σὲ
1965 1369 2078 1453 τὴν
2145 1369 2458 1433 νεύουσαν
2522 1370 2587 1440 ἔς
2648 1370 2848 1434 πέδον

394 1458 583 1540 κάρα.
629 1457 816 1522 Hom.
866 1457 979 1522 Od.
1033 1460 1133 1540 18,
1180 1460 1325 1522 237.
1385 1460 1554 1523 οὕτω
1601 1465 1713 1522 νῦν
1758 1466 2112 1542 μνηστῆρες
2144 1495 2228 1504 -
2260 1458 2502 1522 νεύοιεν
2547 1459 2845 1541 κεφαλάς.

482 1546 904 1631 προύτρεψεν]
950 1548 1285 1631 Impulit.
1352 1547 1442 1611 Cf.
1491 1548 1561 1612 O.
1595 1547 1666 1611 R.
1716 1549 1861 1611 358.
1910 1548 1988 1612 σὺ
2045 1549 2166 1630 γάρ
2212 1549 2282 1630 μ’
2339 1549 2577 1612 ἄκοντα
2643 1573 2844 1630 πρου-

394 1638 612 1719 τρέψω
658 1637 870 1718 λέγειν.
920 1636 1012 1699 El.
1051 1638 1238 1700 1193.
1285 1639 1371 1708 τίς
1418 1638 1539 1719 γάρ
1587 1638 1643 1701 σ’
1691 1639 1936 1721 ἀνάγκη
1969 1639 2117 1720 τῇδε
2147 1638 2526 1720 προστρέπει
2561 1640 2847 1721 βροτῶν;

482 1727 561 1789 οὗ
608 1725 730 1808 γὰρ
777 1728 1028 1809 εἴχομεν
1061 1725 1179 1810 -]
1238 1726 1327 1790 Cf.
1376 1728 1473 1808 Aj.
1524 1728 1669 1790 428.
1718 1729 1890 1791 οὔτοι
1947 1729 2003 1791 σ’
2070 1728 2384 1808 ἀπείργειν
2449 1727 2599 1791 οὔθ’
2665 1728 2847 1798 ὅπως

391 1817 482 1879 ἐῶ
544 1817 740 1897 λέγειν
782 1817 790 1895 Ι
832 1818 980 1899 ἔχω.
1049 1815 1118 1880 O.
1151 1815 1222 1880 R.
1279 1816 1462 1879 1367.
1530 1817 1649 1880 οὐκ
1697 1816 1819 1880 οἵδ’
1866 1817 2048 1886 ὅπως
2103 1840 2174 1880 σε
2219 1822 2329 1898 φῶ
2383 1816 2844 1899 βεβουλεῦσθαι

389 1905 621 1976 καλῶς.
689 1904 759 1969 O.
793 1904 856 1968 C.
914 1907 1096 1969 1742.
1156 1905 1336 1975 ὅπως
1379 1905 1739 1987 μολούμεθ’
1786 1906 1851 1976 ἒς
1898 1907 2142 1988 δόμους
2189 1907 2308 1969 οὐκ
2356 1907 2506 1989 ἔχω.
2551 1906 2648 1970 Tr.
2700 1908 2843 1970 991.

391 1996 469 2073 οἷς
518 1994 638 2077 γὰρ
686 1997 817 2079 ἔχω
863 2000 1005 2065 πῶς
1051 1997 1130 2058 ἂν
1184 1996 1500 2077 στέρξαιμι
1556 1994 1761 2058 κακὸν
1808 1995 1953 2060 τόδε
1999 1996 2300 2059 λεύσσων.
2357 1995 2585 2059 Aesch.
2634 1996 2843 2060 Prom.

393 2085 539 2147 940.
605 2084 744 2148 οὐδ’
791 2086 922 2168 ἔχω
986 2085 1044 2147 τί
1101 2086 1181 2148 ἂν
1228 2085 1542 2166 γενοίμαν.
1607 2084 1758 2147 Eur.
1805 2083 1948 2150 Hel.
1998 2085 2145 2148 496.
2202 2084 2331 2166 ἐγὼ
2377 2085 2497 2166 μὲν
2544 2085 2665 2148 οὐκ
2711 2086 2842 2167 ἔχω

386 2175 446 2236 τί
486 2174 608 2257 χρὴ
657 2174 869 2255 λέγειν.
914 2173 1103 2237 Thuc.
1134 2173 1215 2237 H.
1252 2175 1351 2236 52.
1400 2174 1521 2237 οὐκ
1568 2174 1814 2256 ἔχοντες
1860 2174 1901 2236 ὅ
1942 2198 1995 2237 τι
2042 2175 2342 2255 γένωνται
2387 2174 2496 2256 (al.
2547 2175 2842 2256 γένοιντο)

390 2264 455 2333 ἐς
518 2263 855 2345 ὀλιγωρίαν
919 2263 1281 2344 ἐτράποντο.
1355 2263 1512 2326 Plat.
1572 2262 1848 2344 Euthyd.
1898 2264 2043 2326 296.
2109 2264 2230 2326 οὐκ
2295 2264 2426 2345 ἔχω
2491 2264 2638 2344 ὑμῖν
2701 2269 2843 2334 πῶς

389 2353 459 2423 (l.
505 2358 648 2423 πῶς
693 2354 792 2429 ἂν)
840 2352 1319 2435 ἀμφισβητοίην.
1383 2352 1539 2416 Isae.
1596 2350 1711 2415 IX.
1762 2353 1863 2414 23.
1931 2352 2282 2435 διαρρήδην
2348 2352 2416 2415 δὲ
2465 2389 2548 2399 -
2597 2354 2717 2415 οὐκ
2764 2355 2842 2416 ἃν

388 2443 593 2524 ἔχοιμι
648 2442 828 2511 ὅπως
874 2442 1021 2523 ὑμῖν
1065 2443 1513 2524 παρασχοίμην
1559 2441 1954 2524 (μάρτυρας).
2002 2440 2084 2504 X.
2135 2442 2236 2504 27.
2286 2442 2406 2504 οὐκ
2454 2440 2615 2525 εἶχεν
2662 2442 2842 2512 ὅπως

390 2533 805 2611 εἰσπράξαιτο.
856 2529 1087 2594 Herod.
1136 2530 1248 2594 ΙΙΙ.
1290 2532 1341 2594 1.
1391 2532 1510 2594 οὐκ
1558 2530 1682 2612 εἶχε
1747 2533 1890 2594 οὔτε
1956 2531 2177 2595 δοῦναι
2234 2532 2376 2595 οὔτε
2423 2531 2838 2613 ἀρνήσασθαι.

390 2619 499 2683 IV.
555 2622 696 2684 156.
743 2620 822 2685 οὗ
870 2620 990 2703 γὰρ
1037 2619 1207 2703 εἶχον
1253 2620 1294 2684 ὅ
1336 2645 1389 2684 τι
1434 2621 1696 2684 ποιέωσι
1743 2621 1912 2685 ἀλλο.

570 2711 713 2772 274.
760 2711 928 2773 ταῦτ’
976 2710 1179 2794 ἐνίκα]
1249 2709 1338 2774 Cf.
1386 2710 1620 2776 Herod.
1668 2711 1747 2774 V.
1797 2712 1896 2774 36.
1964 2712 2120 2794 αὕτη
2185 2711 2304 2793 μὲν
2361 2711 2438 2793 δὴ
2498 2711 2618 2773 οὐκ
2665 2711 2838 2773 ἐνίκα

386 2802 425 2882 ἡ
477 2801 723 2883 γνώμη.
777 2799 915 2862 VII.
968 2801 1110 2863 175.
1157 2801 1196 2882 ἦ
1245 2805 1486 2864 νικῶσα
1536 2800 1606 2863 δὲ
1654 2802 1878 2883 γνώμη
1927 2801 2168 2882 ἐγένετο
2219 2838 2298 2846 -
2348 2800 2638 2882 φυλάξαι.

568 2891 713 2952 275.
760 2888 1084 2973 καθαιρεῖ]
1134 2888 1221 2953 Cf.
1270 2889 1416 2952 Eur.
1467 2889 1570 2954 Or.
1605 2891 1751 2953 852.
1800 2889 1957 2971 ἀτάρ
2003 2891 2089 2960 τίς
2136 2889 2345 2971 ἀγὼν,·
2390 2890 2545 2959 τίνες
2591 2890 2658 2951 ἐν
2695 2889 2838 2976 Ἀρ-

386 2981 574 3060 γείοις
618 2979 794 3059 λόγοι
835 2977 843 3061 Ι
884 2980 1185 3043 καθεῖλον
1232 2980 1401 3061 ἡμᾶς
1437 2980 1911 3060 κάπεκύρωσαν
1941 2980 2160 3043 θανεῖν
2170 3004 2192 3054 ,·
2326 2983 2509 3041 τοῦτο
2555 2978 2840 3060 τάγαθὸν

383 3068 620 3152 λαβεῖν]
678 3068 771 3132 Cf.
823 3069 1011 3132 Arist.
1060 3068 1203 3132 Pac.
1254 3068 1399 3131 369.
1463 3068 1571 3131 καὶ
1614 3068 1747 3150 μὴν
1793 3070 2179 3150 ἐπιτέτριψαί
2231 3092 2316 3149 γε.
2369 3067 2483 3130 ΤΡ.
2539 3067 2701 3150 κᾷτα
2747 3077 2840 3150 τῷ

381 3159 606 3240 τρόπῳ
648 3158 656 3241 Ι
698 3158 819 3221 οὐκ
863 3158 1165 3240 ᾐσθόμην
1196 3157 1446 3239 ἀγαθὸν
1485 3158 1808 3222 τοσουτονὶ
1838 3158 2086 3240 λαβών,·
2135 3157 2303 3221 Eccl.
2337 3157 2482 3220 426.
2529 3158 2628 3220 ἵνα
2673 3158 2839 3221 τοῦτ’

384 3248 748 3312 ἀπέλαυσαν
793 3246 1249 3317 Ναυσικύδους
1292 3247 1592 3328 τάγαθόν.
1638 3247 1748 3309 Th.
1800 3249 1900 3310 23.

566 3338 712 3401 276.
760 3334 847 3399 Cf.
892 3338 989 3401 Tr.
1042 3338 1186 3400 198.
1240 3337 1445 3406 οὕτως
1489 3337 1727 3406 ἐκεῖνος
1775 3338 1894 3419 οὐχ
1939 3337 2110 3399 ἑκὼν
2155 3338 2370 3401 ἑκοῦσι
2426 3336 2494 3399 δὲ
2536 3337 2543 3418 Ι
2586 3336 2839 3409 ξύνεστι.

386 3427 612 3490 Aesch.
671 3426 883 3510 Suppl.
943 3427 1090 3489 224.
1167 3431 1396 3508 γαμῶν
1470 3426 1757 3489 ἄκουσαν
1833 3428 2102 3495 ἄκοντος
2165 3427 2357 3506 πάρα.
2426 3425 2632 3489 Prom.
2690 3426 2837 3487 226.

382 3516 604 3580 ἑκόνθ’
652 3516 853 3580 ἑκόντι
902 3515 1059 3598 Ζηνὶ
1104 3520 1663 3598 συμπαραστατεῖν.
1714 3515 1860 3578 200.
1910 3517 1997 3585 εἷς
2043 3513 2303 3596 ἀρθμὸν
2350 3515 2490 3596 ἐμοὶ
2527 3550 2606 3560 -
2646 3516 2835 3578 σπεύ-

384 3606 522 3670 δων
567 3606 903 3670 σπεύδοντί
941 3604 1098 3668 ποθ’
1146 3607 1295 3687 ἥξει.
1345 3606 1490 3668 692.
1537 3605 1836 3687 ἐξήλασέν
1880 3629 1963 3687 με
1995 3638 2074 3649 -—
2112 3605 2398 3667 ἄκουσαν
2445 3604 2641 3666 ἄκων.
2691 3601 2836 3667 Eur.

383 3695 481 3758 Fr.
517 3697 621 3777 68,
654 3697 712 3758 2.
759 3696 930 3759 ἑκὼν
975 3696 1249 3758 ἑκοῦσαν
1296 3697 1335 3777 ἢ
1384 3694 1461 3757 οὗ
1493 3695 1811 3757 θέλουσαν
1856 3694 1926 3774 (l.
1960 3695 2079 3776 οὐχ
2126 3694 2422 3770 ἑκοῦσαν)
2470 3692 2590 3773 οὐχ
2635 3693 2839 3768 ἑκών,·

384 3784 640 3849 Sueton.
670 3786 785 3849 Tit„
820 3786 875 3847 7.
924 3783 1328 3849 ‘Berenicem
1374 3785 1581 3847 statim
1634 3784 1711 3846 ab
1762 3783 1918 3848 urbo
1960 3784 2202 3847 dimisit
2245 3783 2486 3844 invitus
2533 3782 2837 3845 invitam!

471 3873 594 3938 οἵδ’
642 3874 764 3958 ὅτι]
814 3873 903 3937 Cf.
951 3872 1100 3937 Eur.
1150 3873 1387 3937 Phoen.
1440 3873 1626 3936 1633.
1676 3874 1854 3946 ζῶσά
1903 3873 1958 3954 γ’
2006 3876 2102 3946 ἂν,
2151 3873 2303 3953 σάφ’
2352 3870 2472 3934 οἶδ’
2520 3870 2626 3933 ὅτι.
2677 3870 2836 3934 Med.

386 3965 531 4027 959.
580 3963 731 4045 σάφ’
779 3962 900 4027 οἵδ’
947 3964 1077 4044 ἐγώ
1122 3962 1223 4043 (al.
1272 3963 1400 4040 ὅτι).
1448 3964 1639 4025 Arist.
1679 3961 1824 4043 Lys.
1865 3964 2005 4027 154.
2054 3961 2145 4026 ΡΙ.
2180 3963 2326 4024 838.
2377 3961 2560 4024 Alex.
2596 3961 2743 4040 264,
2778 3963 2832 4023 5.

564 4054 709 4115 277.
758 4051 844 4115 Cf.
895 4051 1121 4117 Aesch.
1171 4052 1341 4117 Pers,
1391 4054 1536 4115 253.
1602 4052 1809 4115 κακὸν
1870 4052 1990 4133 μὲν
2054 4050 2369 4133 ἀγγέλλειν
2432 4049 2620 4112 κακά.
2709 4048 2835 4112 Ubi

384 4141 583 4205 nostri
632 4161 853 4206 versus
899 4143 967 4204 in
1014 4142 1299 4224 margine
1346 4140 1410 4204 L.
1459 4141 1818 4224 adscriptus
1865 4147 1975 4204 est.

564 4233 709 4294 279.
758 4229 1045 4313 συννοία]
1097 4229 1184 4294 Cf.
1219 4232 1443 4295 Aesoh.
1478 4229 1685 4293 Prom.
1721 4232 1867 4292 437.
1917 4230 2175 4311 συννοίᾳ
2210 4229 2278 4292 δὲ
2313 4229 2629 4310 δάπτομαι
2660 4229 2834 4309 κέαρ.

384 4320 533 4383 Eur.
581 4320 730 4384 Her.
781 4320 927 4383 381.
992 4318 1050 4384 ὦ
1114 4326 1251 4392 παῖ,
1316 4321 1373 4382 τί
1429 4343 1541 4402 μοι
1607 4320 1903 4382 σύννοιαν
1968 4321 2248 4402 ὄμμασιν
2303 4319 2524 4399 φέρων
2575 4320 2583 4398 Ι
2633 4319 2837 4400 finem,-

384 4410 587 4474 Orest.
620 4410 765 4472 632.
813 4408 1128 4481 Μενέλαε,
1174 4415 1291 4472 ποῖ
1328 4409 1441 4473 σὸν
1478 4408 1628 4472 πόδ’
1677 4408 1779 4472 ἐπὶ
1825 4411 2081 4489 συννοίᾳ
2126 4408 2409 4483 κυκλεῖς,·
2457 4408 2652 4470 Andr.
2689 4409 2833 4469 805.

380 4498 619 4564 Herod.
665 4498 715 4561 I.
750 4499 852 4562 88.
901 4499 938 4562 ὁ
986 4498 1054 4562 δὲ
1101 4498 1353 4581 συννοίῃ
1403 4499 1705 4581 ἐχόμενος
1754 4499 1990 4581 ἥσυχος
2035 4497 2129 4580 ἦν.
