3463 5287
632 392 760 455 336
1645 410 1899 456 clemens
1943 411 2069 457 mcx

816 569 959 634 768.
1006 569 1215 655 θέλω]
1263 569 1738 655 SubjunctivuS.

814 659 958 724 770.
1005 659 1079 723 τά
1127 659 1184 741 γ’
1230 660 1300 724 ἐν
1344 660 1443 724 σοὶ
1490 660 1838 744 δυσφόρως
1883 659 2117 746 ἔχοντ’]
2164 659 2213 723 I.
2245 679 2298 725 e.
2343 657 2421 724 τὰ
2467 658 2763 743 δύσφορα
2804 658 2952 723 ὄντα
2984 657 3092 722 σοὶ

630 750 790 832 (87),
835 753 950 812 aut
992 750 1034 812 ἃ
1081 748 1159 813 σὺ
1208 748 1566 833 δυσφορεῖς.
1700 751 1771 815 ἐν
1815 749 1946 835 σοὶ]
1993 748 2080 815 In
2127 755 2256 814 tuo
2300 754 2627 834 pectore.
2674 746 2914 830 (Dind.)

813 838 847 900 7
860 838 960 902 71.
1007 839 1130 902 κοῦ
1173 838 1266 922 μὴ
1315 840 1629 924 στερηθῇς
1675 838 1766 924 γ’]
1830 839 2031 904 Plena
2091 839 2331 904 locutio
2386 839 2547 903 foret
2604 839 2728 904 κού
2776 836 2921 909 δέος
2966 836 3093 901 ἐστὶ

627 927 719 1012 μὴ
769 964 883 1002 -,
951 933 1022 991 ut
1066 927 1252 995 docet
1293 926 1604 994 Herodoti
1647 929 1828 993 locus
1870 928 1920 993 I.
1968 930 2071 992 84.
2129 929 2207 992 οὗ
2244 928 2386 1011 ,γὰρ
2431 927 2512 1011 ἦν
2559 926 2766 993 δεινὸν
2808 927 2901 1010 μὴ
2949 926 3094 1009 ἁλῷ

635 1016 837 1101 (ἁλῴη
850 1018 907 1097 Ρ)
970 1017 1133 1082 κοτέ.
1269 1017 1335 1090 ἐς
1396 1023 1700 1084 τοσοῦτον
1762 1018 2038 1083 ἐλπίδων
2083 1018 2202 1104 -—]
2274 1017 2363 1082 Of.
2408 1015 2590 1084 Dem.
2637 1037 2695 1102 p.
2746 1017 2936 1080 1147.
3000 1018 3093 1086 εἰς

629 1112 897 1171 τοσοῦτο
945 1106 1145 1171 δικῶν
1187 1107 1297 1172 καὶ
1340 1110 1739 1191 πραγμάτων
1783 1109 2202 1191 προβέβηκεν.
2249 1113 2314 1172 et
2358 1107 2441 1171 ad
2487 1108 2677 1172 Arist.
2723 1105 2891 1172 Nub.
2939 1105 3088 1169 832.

815 1196 962 1263 772.
1010 1195 1100 1261 cf.
1151 1196 1340 1262 1229.
1388 1200 1537 1262 Ant.
1573 1199 1716 1265 772.
1755 1198 1943 1261 1344.
1991 1199 2091 1281 Aj.
2129 1197 2319 1262 1290.
2363 1194 2515 1260 Eur.
2549 1195 2704 1261 Hec.
2743 1195 2931 1259 1066.
2975 1199 3101 1259 ποῒ

629 1286 744 1350 καί
780 1309 865 1369 με
909 1287 1304 1363 πτώσσουσι,·
1357 1287 1498 1352 Alc.
1546 1288 1693 1351 834.
1739 1292 1869 1351 ποῦ
1913 1288 2027 1352 καί
2067 1310 2190 1371 σφε
2233 1286 2462 1350 θάπτει
2471 1311 2495 1363 ,·
2672 1282 2945 1369 μείζονι]
2993 1282 3089 1349 Of.

629 1376 950 1441 Ant638.
975 1376 1120 1439 182.
1166 1374 1317 1439 Eur.
1340 1376 1540 1440 Andr.
1564 1377 1710 1441 681.
1750 1376 1989 1460 μείζων
2028 1378 2136 1460 (of
2178 1381 2483 1460 greater
2527 1375 2904 1455 account).
2938 1373 3088 1436 370.

817 1465 962 1529 773.
1011 1464 1114 1529 διὰ
1159 1465 1353 1549 τύχης
1395 1465 1636 1530 τοιᾶσδ’
1682 1466 1822 1551 ἰών]
1872 1464 1961 1530 cf.
1993 1466 2142 1530 Ant.
2178 1466 2324 1529 742.
2372 1464 2474 1529 διὰ
2509 1465 2691 1548 δίκης
2733 1464 2853 1529 ἰὼν
2883 1464 3088 1545 πατρί.

628 1553 725 1619 ΕΙ.
776 1554 967 1618 1059.
1030 1554 1126 1625 ὡς
1186 1554 1389 1619 πολλὰ
1452 1555 1671 1620 παθὸν
1710 1556 1721 1639 Ι
1760 1555 1843 1619 δι’
1910 1555 2272 1638 ἐλευθερίας
2323 1554 2506 1637 μόλις
2560 1554 2826 1639 ἐξῆλθες
2871 1550 3090 1636 (ἦλθες

630 1642 794 1728 dost).
841 1643 1074 1711 Aesch.
1117 1643 1329 1709 Prom.
1381 1646 1524 1710 120.
1588 1644 1698 1709 τὸν
1760 1649 1914 1709 πᾶσι
1976 1645 2154 1716 θεοῖς
2193 1647 2204 1729 Ι
2256 1645 2335 1710 δι’
2401 1643 2744 1728 ἀπεχθείας
2808 1641 3086 1708 ἐλθόνθ’.

628 1732 780 1797 Eur.
826 1731 1065 1798 Phoen.
1117 1734 1220 1797 20.
1284 1734 1393 1798 καὶ
1445 1739 1573 1806 πᾶς
1626 1734 1740 1806 σὸς
1794 1733 1973 1806 οἶκος
2025 1736 2280 1818 βήσεται
2327 1733 2408 1797 δι’
2454 1735 2735 1815 αἵματος.
2786 1732 2935 1798 395.
2984 1730 3085 1796 διὰ

627 1821 848 1887 πόθου·
896 1821 954 1886 δ’
1002 1823 1298 1906 ἐλήλυθα.
1355 1825 1504 1888 498.
1562 1822 1643 1888 δι’
1687 1825 1931 1908 ἔχθρας
1984 1823 2093 1889 καὶ
2147 1824 2354 1907 φόνου
2399 1823 2639 1906 μολών.
2700 1822 2890 1888 1561.
2946 1820 3086 1885 Alc.

629 1913 777 1976 874.
827 1911 907 1976 δι’
956 1911 1192 1984 ὀδύνας
1235 1914 1403 1997 ἔβας.
1461 1913 1566 1979 Or.
1618 1914 1763 1978 757.
1822 1913 2186 1997 διὰφόβου
2233 1912 2365 1996 ’γὰρ
2412 1913 2697 1995 ἔρχομαι.
2751 1911 2891 1976 Tro.
2942 1912 3086 1975 794.

627 2007 861 2086 χωρεῖν
907 2001 1184 2085 ὀλέθρου
1233 2002 1335 2067 διὰ
1380 2003 1633 2074 παντός.
1678 2003 1871 2088 Hipp.
1921 2003 2066 2067 540.
2116 2001 2218 2067 διὰ
2262 2004 2474 2073 πάσας
2526 2002 2698 2066 ἰόντα
2746 2004 3089 2085 συμφορᾶς

631 2091 907 2163 θνατοῖς.
954 2089 1105 2156 Her.
1156 2090 1303 2157 625.
1350 2094 1392 2156 ἁ
1440 2093 1499 2157 δ’
1547 2092 1736 2176 ἀρετὰ
1782 2092 1980 2176 βαίνει
2028 2091 2130 2156 διὰ
2175 2091 2471 2176 μόχθων.
2527 2091 2730 2156 Andr.
2781 2092 2927 2156 175.
2985 2088 3086 2153 διὰ

628 2181 837 2265 φόνου
887 2181 946 2246 δ’
992 2182 1056 2245 οἱ
1098 2181 1376 2264 φίλτατοι
1421 2188 1724 2265 χωροῦσι.
1782 2183 1930 2246 417.
1984 2181 2094 2246 καὶ
2136 2181 2325 2264 πατρὶ
2375 2188 2471 2264 τῷ
2513 2187 2613 2263 σῷ
2658 2181 2762 2245 διὰ
2808 2179 3085 2264 φιλημά-

627 2293 758 2335 των
801 2270 937 2335 ἰών.
983 2270 1079 2334 ΕΙ.
1132 2271 1321 2336 1210.
1398 2270 1508 2335 Sic
1555 2271 1657 2335 διὰ
1701 2272 1917 2355 μάχης
1962 2272 2117 2336 ἰέναι
2162 2269 2314 2335 Eur.
2360 2268 2499 2355 Iph.
2540 2271 2618 2333 A.
2656 2270 2845 2335 1392.
2898 2269 3084 2334 1415.

631 2359 775 2424 Hel.
823 2360 970 2423 984.
1017 2358 1206 2425 Herc.
1255 2361 1402 2425 220.
1450 2364 1568 2426 etc.
1617 2361 1718 2426 διὰ
1763 2362 1978 2446 μάχης
2023 2360 2368 2444 ἀφικέσθαι
2412 2358 2525 2424 τινὶ
2569 2358 2807 2426 Herod.
2853 2358 2904 2424 I.
2941 2357 3085 2422 169.

632 2447 736 2513 διὰ
782 2448 997 2531 φόβου
1044 2447 1198 2512 εἶναι
1241 2448 1436 2515 Thuc.
1481 2449 1593 2514 VI.
1642 2452 1745 2514 59.

813 2538 957 2602 774.
977 2537 1386 2692 ξορίνθιος]
1433 2537 1799 2606 Herodotus
1845 2539 1944 2621 (V.
1993 2539 2118 2623 67.)
2165 2538 2487 2623 Polybum
2533 2536 2828 2623 Sicyonis
2871 2556 3088 2623 regem

632 2627 832 2693 fuisse
877 2632 975 2693 tra
1024 2628 1085 2692 ·t.

784 2720 959 2872 ἄ775.
1008 2717 1286 2803 ἠγόμην]
1332 2717 1707 2785 Habebat.
1786 2719 1875 2785 cf.
1909 2719 2142 2786 Cratin.
2179 2721 2323 2785 112.
2384 2719 2563 2803 Ψύρα
2609 2743 2674 2784 τε
2716 2716 2831 2804 τὴν
2860 2716 3084 2802 Σπάρ-

704 2832 740 2872 ν
868 2831 970 2880 εις.

627 2832 700 2892 τη
811 2832 957 2962 7γ76.
1002 2898 1152 2981 πρίν
1210 2922 1324 2982 μοι
1373 2899 1490 2984 -]
1553 2899 1603 2965 Ι.
1651 2919 1704 2965 e.
1772 2901 2011 2966 donec
2058 2937 2169 2963 —.
2246 2898 2340 2965 Cf.
2396 2901 2624 2965 Aesch.
2680 2899 2890 2965 Prom.
2936 2897 3086 2962 478.

632 2987 753 3051 οὐκ
818 2986 899 3070 ἦν
962 2986 1222 3072 ἀλέξημ’
1293 2988 1482 3054 οὐδὲν
1542 2990 1692 3073 πρίν
1758 2988 1815 3073 γ’
1870 2990 1999 3074 ἐγὼ
2064 2991 2274 3073 σφίσιν
2320 2990 2331 3073 Ι
2381 2989 2587 3063 ἔδειξα
2650 2989 2908 3073 κράσεις
2960 2987 3086 3051 κτλ.

628 3076 781 3141 Eur.
825 3077 966 3141 Alo.
1017 3077 1162 3142 128.
1229 3078 1588 3161 δμαθέντας
1651 3078 1774 3163 γὰρ
1840 3079 2050 3164 ἀνίστη
2102 3080 2111 3164 1
2160 3078 2308 3163 πρὶν
2371 3077 2565 3143 αὐτὸν
2618 3078 2738 3143 εἷλε
2792 3077 3088 3164 διόβολον

628 3167 951 3250 πλᾶκτρον
993 3167 1201 3249 πυρὸς
1241 3168 1250 3252 1
1289 3170 1646 3252 κεραυνίου.
1697 3169 1861 3234 Med.
1915 3170 2101 3234 1170.
2148 3170 2261 3234 καί
2299 3192 2386 3240 τις
2419 3205 2501 3216 -
2535 3167 2897 3242 ἀνωλόλυξε
2940 3166 3089 3249 πρίν

630 3256 688 3340 y’
735 3256 862 3340 δρᾷ
907 3255 1010 3320 διὰ
1056 3257 1258 3340 στόμα
1299 3257 1311 3343 Ι
1348 3264 1682 3341 χωροῦντα
1729 3257 1958 3324 λευκὸν
2003 3259 2232 3342 ἀφρόν.
2285 3257 2443 3324 Hec.
2496 3258 2638 3322 130.
2695 3256 2971 3323 σπουδαὶ
3017 3255 3086 3319 δὲ

629 3345 845 3428 λόγων
876 3383 960 3393 -
993 3344 1156 3430 ἦσαν
1187 3384 1273 3394 -
1304 3348 1454 3431 πρὶν
1498 3349 1536 3413 δ
1580 3349 2024 3432 ποικιλόφρων
2066 3383 2158 3395 -
2201 3347 2598 3431 Λαερτιάδης
2650 3347 2854 3412 πείθει
2900 3367 3086 3428 στρα-

627 3438 778 3500 τιάν.
834 3433 1022 3501 Rhes.
1071 3437 1218 3501 294.
1272 3437 1422 3520 πρὶν
1476 3437 1555 3521 δὴ
1618 3438 1696 3502 δι’
1743 3439 1932 3503 ὤτων
1987 3443 2188 3521 γῆρυν
2240 3438 2360 3520 οὔχ
2407 3436 2780 3520 Ἑλληνικὴν
2818 3435 2828 3519 Ι
2870 3434 3086 3508 ἐδεξά-

626 3526 858 3608 μεσθα.

811 3616 889 3679 77
902 3618 956 3679 7.
1004 3615 1263 3700 ἐπέστη]
1312 3616 1405 3682 Cf.
1441 3617 1540 3682 Tr.
1578 3619 1765 3682 1172.
1811 3617 2091 3702 μόχθων
2134 3621 2265 3681 τῶν
2310 3616 2687 3700 ἐφεστώτων
2725 3614 2869 3698 ἐμοὶ
2897 3613 3086 3685 τέλος.

628 3703 781 3769 Eur.
827 3703 960 3789 Hip
1005 3753 1019 3770 .
1066 3706 1215 3771 818.
1259 3705 1448 3771 Hom.
1478 3706 1552 3772 Il.
1591 3708 1692 3790 12,
1726 3708 1873 3771 326.
1920 3713 2112 3792 κῆρες
2158 3707 2483 3789 ἐφεστᾶσιν
2527 3705 2850 3770 θανάτοιο.
2895 3703 3087 3769 Thuc.

627 3792 746 3860 III.
794 3795 899 3858 82.
1025 3813 1145 3860 em.
1199 3816 1259 3881 p.
1307 3796 1453 3873 287,
1501 3797 1558 3859 5.
1738 3797 2071 3879 θαυμάσαι
2118 3833 2203 3843 -
2249 3796 2423 3881 ἀξία]
2491 3794 2581 3860 Of.
2637 3795 2795 3859 Plat.
2853 3793 3087 3859 Phaed.

630 3903 691 3968 p.
742 3884 823 3948 92
856 3880 936 3947 D.
986 3882 1067 3948 δι’
1113 3884 1492 3957 ὑποθέσεως
1536 3885 1714 3960 ἀξίας
1761 3886 2215 3960 ἀποδέξασθαι.

812 3973 955 4037 779.
1003 3972 1093 4038 cf.
1141 3973 1223 4039 ad
1267 3975 1431 4039 Phil.
1481 3975 1626 4039 520.
1690 3974 1788 4040 Tr.
1837 3976 1985 4040 267.
2051 3976 2325 4046 δείπνοις
2378 3972 2542 4058 ἡνίκ’
2589 3972 2670 4058 ἦν
2721 3972 3087 4058 ᾠνωμένος.

629 4062 782 4128 Eur.
829 4059 993 4128 Med.
1045 4063 1190 4129 196.
1244 4064 1422 4147 παρὰ
1479 4065 1771 4136 δείπνοις.
1822 4063 1979 4131 Hec.
2028 4065 2173 4129 903.
2229 4066 2301 4129 ἐκ
2350 4065 2625 4129 δείπνων
2681 4065 2879 4149 (post
2922 4080 3089 4128 coe·

629 4153 850 4266 narn).
916 4152 1143 4219 Aesch.
1188 4154 1365 4219 PerS.
1415 4156 1560 4219 139.
1625 4155 1852 4236 λέκτρα
1911 4154 1969 4219 δ’
2016 4153 2275 4237 ἀνδρῶν
2327 4153 2526 4236 πόθῳ
2579 4153 2926 4237 πίμπλαται
2974 4151 3088 4216 δα-

630 4264 961 4396 κρυμῗέιὸ.
994 4243 1330 4400 (ειιτῖλΐάτρόϊμ
1342 4244 1629 4417 Ξέωέιίίν
1675 4332 1893 4417 πατρί]
1960 4332 2054 4398 Cf.
2102 4333 2331 4398 Sosith.
2379 4338 2536 4417 trag.
2585 4335 2642 4418 2,
2691 4334 2748 4396 5.
2796 4329 2982 4403 οὗτος
3029 4331 3088 4395 δ’

632 4421 876 4487 ἐκείνου
941 4427 1091 4494 παῖς
1152 4423 1339 4505 πατρὶ
1401 4422 1674 4493 πλαστὸς
1738 4424 1962 4497 νόθος,
2004 4424 2014 4508 Ι
2053 4421 2295 4507 μητρὸς
2352 4423 2409 4488 δ’
2464 4423 2692 4494 ὁποίας
2744 4424 2784 4506 ἡ
2839 4421 3088 4487 τεκοῦσ’

629 4511 958 4576 ἐπίσταται.
