3463 5287
1454 445 1717 491 nmcmr
2688 427 2809 491 141

539 605 684 667 445.
732 603 1192 687 ἐμασχαλίσθη]
1243 602 1329 667 Cf.
1372 603 1469 668 Fr.
1505 606 1650 668 566.
1696 605 1906 688 πλήρη
1954 605 2508 688 μασχαλισμάτων.
2644 606 2815 688 κάρᾳ

359 729 446 738 -
492 692 817 777 ἐξέμαξεν]
866 691 953 756 Cf.
999 692 1187 757 Hom.
1237 692 1351 757 Od.
1405 696 1504 776 19,
1552 695 1652 758 92.
1711 695 1845 757 οὔτι
1897 718 1980 776 με
2023 694 2240 777 λήθεις
2279 696 2288 777 Ι
2329 695 2603 777 ἔρδουσα
2649 696 2813 777 μέγα

359 784 569 865 ἔργον,
615 784 653 846 ὃ
698 789 780 865 σῇ
824 783 1074 865 κεφαλῇ
1121 783 1477 864 ἀναμάξεις.
1522 783 1762 847 Herod.
1800 783 1849 848 Ι.
1888 785 2030 847 155.
2065 785 2121 846 3.
2168 784 2417 867 κεφαλῇ
2464 785 2813 867 ἀναμάξας.

536 872 684 935 446.
730 870 856 955 ἄρα
899 871 1027 955 μὴ]
1077 871 1170 936 Cf.
1217 874 1365 938 Ant.
1414 873 1561 941 632.
1612 872 1837 937 Aesch.
1885 872 2051 956 Sept„
2101 873 2247 935 208.

537 961 684 1023 447.
730 961 988 1044 λυτήρια
1039 997 1120 1007 -
1168 967 1280 1025 τοῦ
1327 961 1568 1045 φόνου]
1636 961 1728 1026 cf.
1779 963 1924 1025 635.
1971 962 2301 1046 λυτηρίους
2346 962 2537 1044 εὐχὰς
2572 1000 2650 1008 -
2687 962 2808 1027 δει-

356 1050 579 1131 μάτων
608 1047 706 1113 ὧν
741 1054 856 1114 νῦν
901 1051 1049 1133 ἔχω.
1099 1051 1323 1115 Aesch.
1371 1049 1553 1114 Eum.
1587 1052 1690 1114 48.
1737 1051 1796 1114 τί
1836 1050 1958 1134 γὰρ
2003 1051 2230 1134 λύτρον
2274 1052 2576 1122 πεσόντος
2621 1053 2809 1134 αἵμα-

357 1162 463 1209 τος
636 1161 726 1222 cp,-

507 1138 683 1291 3419·
732 1226 822 1291 Of.
871 1227 1019 1291 Eur.
1069 1226 1172 1291 Or.
1211 1230 1352 1292 127.
1400 1229 1591 1294 εἴδετε
1637 1228 1760 1313 γὰρ
1806 1229 2011 1312 ἄκρας
2055 1229 2149 1300 ὡς
2178 1229 2538 1313 ,ἀπέθρισεν
2581 1230 2811 1312 τρίχας.

537 1318 684 1380 451.
729 1317 964 1402 λιπαρῆ
1007 1317 1218 1401 τρίχα]
1269 1317 1361 1382 Cf.
1416 1319 1601 1382 1378.
1648 1320 1900 1401 λιπαρεῖ
1941 1356 2021 1364 -
2071 1320 2224 1402 χερί.

537 1409 682 1469 452.
730 1406 968 1489 χλιδαῖς
1014 1405 1400 1493 ἠσκημένον]
1449 1407 1539 1472 Cf.
1587 1407 1736 1471 Eur.
1784 1408 1883 1472 Fr.
1927 1409 2116 1488 1132,
2149 1412 2206 1471 2.
2253 1408 2373 1472 οὐκ
2420 1410 2490 1472 ἓν
2535 1407 2812 1490 (οὐδὲνῖ)

356 1495 846 1578 πολυχρύσοισιν
907 1497 1174 1578 ἤσκηται
1227 1496 1481 1578 χλιδαῖς.
1541 1497 1777 1562 Aesch.
1824 1496 1996 1562 PerS.
2050 1498 2193 1560 182.
2243 1497 2531 1561 πέπλοισι
2576 1496 2810 1580 Περσι-

358 1609 496 1656 κοις
553 1585 663 1648 ’σκ
873 1633 885 1647 .

536 1585 906 1739 415317ἰῖζέ
955 1673 1025 1738 δὲ
1056 1673 1176 1759 -]
1225 1673 1314 1738 Cf.
1362 1673 1512 1738 Eur.
1560 1674 1653 1738 ΕΙ.
1689 1676 1836 1740 677.
1885 1676 1962 1738 σύ
2008 1678 2078 1749 τ’,
2125 1673 2184 1738 ὦ
2228 1676 2405 1739 κάτω
2454 1682 2569 1758 γῆς
2614 1676 2814 1740 οἰκῶν

357 1763 579 1845 πάτερ,
625 1762 829 1845 ἄμυνε
871 1763 1079 1828 τοῖσδε
1122 1765 1378 1835 τέκνοις.
1515 1763 1737 1848 γῆθεν]
1793 1764 1841 1829 Ι.
1892 1784 1951 1847 q.
1997 1765 2312 1838 κάτωθεν,
2369 1765 2641 1847 ἔνερθεν.
2723 1763 2811 1828 Cf.

360 1853 587 1916 Aesch.
634 1852 799 1935 Sept„
849 1854 994 1915 247.
1043 1852 1225 1917 Eum.
1275 1854 1421 1917 904.

536 1943 683 2004 455.
731 1944 804 2015 ἐξ
847 1942 1191 2026 ὑπερτέρας
1235 1942 1454 2026 χερὸς]
1504 1940 1593 2005 Cf.
1627 1942 1788 2007 Phil.
1824 1944 1926 2006 91.
1973 1943 2051 2006 οὗ
2098 1941 2219 2025 γὰρ
2267 1942 2337 2017 ἐξ
2380 1942 2522 2013 ἑνὸς
2560 1940 2807 2029 ποδὸςΙ

357 2031 527 2113 ἡμᾶς
577 2066 658 2076 -
706 2032 1084 2113 χειρώσεται.
1149 2031 1245 2095 Tr.
1295 2033 1442 2095 875.
1507 2031 1577 2105 ἐξ
1631 2032 1931 2116 ἀκινήτου
1976 2032 2196 2103 ποδός.
2265 2031 2485 2115 Eupol.
2533 2031 2614 2096 II.
2662 2028 2811 2095 458.

358 2120 430 2182 ἐκ
478 2119 635 2183 δέκα
680 2120 908 2184 ποδῶν
949 2121 1093 2204 ᾔρει
1137 2121 1342 2203 λέγων
1384 2120 1532 2192 τοὺς
1578 2122 1869 2205 ῥήτορας.
2158 2194 2163 2199 ,

535 2210 683 2272 456.
730 2210 1052 2292 ἐχθροῖσιν
1099 2246 1180 2256 -
1230 2210 1619 2295 ἐπεμβῆναι]
1685 2210 1776 2274 Of.
1823 2211 1923 2292 Aj.
1977 2211 2163 2273 1348.
2231 2210 2310 2274 οὗ
2374 2209 2497 2293 γὰρ
2552 2210 2813 2274 θανόντι

357 2297 464 2360 καὶ
508 2298 954 2381 προσεμβῆναί
1002 2322 1072 2362 σε
1125 2301 1266 2383 χρή.
1333 2300 1436 2361 42.
1484 2298 1635 2362 Eur.
1680 2299 1872 2383 Hipp.
1921 2300 2068 2363 668.
2114 2301 2154 2382 ἢ
2201 2299 2358 2382 κᾶμ’
2403 2299 2568 2364 ἐάτω
2614 2297 2813 2364 ταῖσδ’

357 2387 753 2470 ἐπεμβαίνειν
798 2388 909 2452 ἀεί.
975 2386 1236 2452 Luciau.
1286 2386 1464 2451 XVI.
1498 2390 1554 2451 9.
1619 2390 1787 2452 ἔοικε
1834 2425 1918 2434 -—
1967 2389 2086 2452 οὐκ
2143 2389 2614 2472 ἐπεμβήσεσθαι
2660 2390 2812 2473 ἡμῖν

358 2476 544 2539 ἑκών.
592 2478 690 2559 Aj.
744 2477 930 2540 1281.
978 2479 1295 2561 συμβῆναι
1340 2477 1508 2542 ποδί.

536 2567 683 2629 458.
731 2565 1087 2651 στέφωμεν]
1142 2567 1190 2631 Ι.
1239 2587 1291 2632 e.
1338 2567 1816 2631 honoremus.
1894 2567 1983 2631 of.
2033 2568 2133 2630 53.
2181 2568 2329 2630 Ant.
2378 2568 2526 2631 431.
2576 2568 2674 2652 Aj.
2709 2568 2810 2631 93.

535 2657 682 2720 459.
731 2654 908 2740 οἶμαι
947 2656 1067 2739 μὲν
1114 2655 1247 2729 οὗν,
1296 2655 1502 2740 οἶμαι]
1551 2655 1638 2720 Cf.
1680 2658 1871 2722 Arist.
1903 2657 1996 2721 Pl.
2036 2659 2178 2721 114.
2227 2658 2402 2740 οἶμαι
2449 2657 2570 2741 γὰρ
2618 2656 2810 2741 οἶμαι,

357 2744 472 2818 ξὺν
517 2745 657 2828 θεῷ
703 2745 763 2809 δ’
809 2747 1141 2829 εἰρήσεται,
1189 2751 1303 2811 etc.

535 2836 682 2898 460.
727 2858 781 2898 τι
843 2835 952 2899 καὶ
1025 2836 1217 2918 κείνῳ
1277 2834 1494 2920 μέλον]
1561 2834 1777 2900 Some
1841 2836 2474 2920 thoughtfulness
2538 2843 2658 2901 too
2715 2855 2809 2900 on

359 2923 480 2987 his
527 2929 706 3006 part.

534 3013 684 3075 466.
732 3012 803 3077 τὸ
852 3012 1117 3098 δίκαιον]
1184 3011 1274 3077 Cf.
1322 3015 1468 3078 338.
1553 3012 2064 3081 construendum
2132 3015 2381 3079 videtur
2445 3015 2624 3079 δυοῖν
2687 3014 2809 3098 γὰρ

357 3101 577 3183 ἐρίζειν
620 3101 692 3165 τὸ
740 3103 984 3168 δίκαιον
1030 3104 1151 3167 οὐκ
1197 3105 1322 3185 ἔχει
1366 3103 1573 3187 λόγον.

535 3193 683 3254 467.
730 3191 821 3256 of.
847 3193 1074 3256 Aesch.
1097 3191 1264 3276 Sept.
1288 3193 1433 3257 689.
1467 3194 1825 3276 ἐπισπέρχει
1857 3194 2070 3275 (schol.
2102 3194 2498 3273 ἕπισπεύδει).
2531 3194 2810 3275 Hesych.

358 3281 414 3342 h.
463 3301 520 3344 v.
656 3280 835 3344 δυοῖν
879 3282 1122 3365 ἐρίζειν]
1180 3282 1268 3346 Cf.
1317 3282 1499 3345 Pind.
1548 3283 1616 3346 P.
1663 3282 1775 3347 IV.
1825 3284 1971 3346 285.
2023 3283 2145 3346 οὐκ
2192 3284 2418 3365 ἐρίζων
2465 3284 2638 3346 ἀντία
2683 3289 2812 3354 τοῖς

357 3369 642 3451 ἀγαθοῖς.
779 3371 1174 3435 ἐπισπεύδειν
1228 3371 1300 3435 τὸ
1347 3368 1530 3458 δρᾶν]
1587 3371 1677 3436 Cf.
1727 3371 1838 3435 Ph.
1891 3373 2034 3436 118.
2092 3372 2211 3435 οὐκ
2258 3374 2337 3435 ἂν
2383 3373 2695 3456 ἀρνοίμην
2740 3371 2811 3435 τὸ

360 3458 537 3540 δρᾶν.
591 3460 776 3522 1241.
823 3461 985 3523 ἔστιν
1030 3460 1103 3531 ὅς
1148 3484 1220 3524 σε
1263 3461 1536 3525 κωλύσει
1580 3461 1652 3525 τὸ
1700 3461 1877 3543 δρᾶν.
1939 3463 2125 3524 1252.
2173 3461 2326 3525 οὐδὲ
2370 3462 2677 3543 πείθομαι
2727 3498 2807 3507 -

354 3546 426 3610 τὸ
473 3547 649 3629 δρᾶν.
716 3547 787 3612 Ο.
820 3547 887 3613 C.
936 3551 1083 3613 442.
1146 3549 1216 3612 τὸ
1264 3550 1425 3633 δρᾶν
1480 3551 1602 3614 οὐκ
1656 3550 1997 3634 ἠθέλησαν.
2064 3552 2209 3614 Ant.
2261 3553 2361 3614 78.
2415 3550 2486 3613 τὸ
2543 3550 2614 3614 δὲ
2654 3550 2662 3631 Ι
2701 3552 2811 3634 βίᾳ

354 3636 629 3700 πολιτῶν
693 3637 854 3720 δρᾶν
915 3640 1077 3721 ἔφυν
1123 3639 1469 3722 ἀμήχανος.
1533 3639 1629 3702 ΕΙ.
1684 3640 1804 3703 107
1816 3640 1871 3703 9.
1916 3640 1988 3701 τό
2032 3664 2095 3703 τε
2138 3639 2229 3723 μὴ
2281 3640 2531 3719 βλέπειν
2576 3641 2809 3721 ἑτοίμα.

358 3725 469 3789 Ph.
520 3727 666 3790 620.
720 3726 792 3790 τὸ
838 3728 1131 3793 σπεύδειν
1186 3728 1258 3792 δέ
1301 3752 1400 3792 σοι
1445 3733 1757 3811 παραινῶ.
1825 3730 1973 3792 Ant„
2022 3730 2168 3792 219.
2232 3727 2304 3791 τὸ
2347 3728 2438 3812 μὴ
2490 3728 2811 3811 ’πιχωρεῖν

356 3815 743 3895 (ἔπεντέλλω)
799 3823 926 3888 τοῖς
989 3817 1354 3882 ἀπιστοῦσιν
1407 3818 1572 3882 τάδε.
1639 3818 1786 3880 668.
1853 3818 2018 3888 ὅστις
2065 3854 2146 3863 —
2193 3818 2620 3881 τούπιτάσσειν
2683 3824 2810 3888 τοῖς

353 3905 771 3987 κρατύνουσιν
816 3912 960 3970 νοεῖ.
1021 3908 1165 3971 778.
1220 3907 1492 3981 τεύξεται
1537 3907 1608 3971 τὸ
1652 3907 1745 3990 μὴ
1793 3907 2027 3971 θανεῖν.
2078 3908 2222 3970 535.
2270 3908 2310 3989 ἢ
2363 3903 2565 3990 ’ξομεῖ
2600 3906 2671 3970 τὸ
2716 3908 2807 3991 μὴ

355 3994 616 4071 εἰδέναι,·
680 3996 827 4059 266.
891 3996 1286 4079 ὁρκωμοτεῖν
1326 3998 1335 4078 Ι
1374 3996 1446 4060 τὸ
1490 3999 1649 4080 μήτε
1696 3997 1924 4079 δρᾶσαι
1969 4002 2085 4060 etc.
2143 3995 2214 4059 Ο.
2247 3996 2312 4061 C.
2367 3996 2553 4059 1127.
2610 3992 2812 4079 ηὗρον

357 4119 440 4129 --
485 4084 557 4147 τὸ
610 4084 702 4168 μὴ
758 4085 1234 4168 ψευδοστομεῖν.
1304 4089 1447 4150 Ant„
1498 4086 1642 4149 236.
1706 4093 1817 4169 τῆς
1880 4085 2131 4157 ἐλπίδος
2178 4122 2259 4132 -
2320 4085 2748 4169 δεδραγμένος
2795 4083 2806 4172 Ι
2853 4139 2859 4145 .

353 4173 424 4236 τὸ
467 4174 560 4256 μὴ
607 4174 840 4239 παθεῖν
884 4176 963 4238 ἂν
994 4181 1109 4239 etc.
1156 4176 1303 4238 443.
1354 4174 1425 4239 Ο.
1458 4174 1521 4238 C.
1576 4177 1763 4240 1700.
1813 4174 1884 4239 Ο.
1918 4174 1989 4238 R.
2042 4176 2229 4239 1388.

534 4263 680 4326 470.
730 4263 821 4328 Cf.
867 4265 1062 4328 Arist.
1111 4267 1229 4328 AV.
1282 4265 1469 4329 1506.
1544 4264 1675 4328 ἀπὸ
1750 4263 1871 4348 γὰρ
1939 4263 2182 4347 ὀλοῦμ’,
2256 4266 2320 4327 εἴ
2365 4263 2436 4347 μ’
2492 4262 2716 4328 ἐνθάδ’
2772 4264 2810 4327 δ

357 4349 519 4423 Ζεὺς
563 4353 803 4433 ὄψεται.

532 4443 680 4505 471.
729 4441 818 4505 of.
866 4443 967 4525 Aj.
1016 4443 1162 4505 607.
1211 4442 1305 4505 ΕΙ.
1355 4443 1506 4507 471.
1552 4443 1690 4506 Tro.
1743 4444 1887 4507 706.
1934 4443 2083 4506 Eur.
2134 4443 2269 4506 Alo.
2320 4444 2465 4506 641.
2514 4442 2657 4507 Hel.
2708 4444 2809 4506 57.

357 4530 580 4595 Aesch.
630 4530 840 4595 Prom.
890 4533 1037 4596 518.
1083 4533 1280 4597 Arist.
1329 4531 1493 4596 Nub.
1547 4533 1736 4596 1236.
1780 4532 2026 4597 Thesm.
2075 4532 2222 4595 887.
