3463 5287
1267 482 1519 529 onmrus
1563 482 1866 529 comanus
2659 465 2787 529 243

335 642 594 726 ἀφῆκας
654 642 848 707 παιδί.
1029 640 1316 727 ἐξανῆκ’]
1385 642 1435 706 Ι.
1483 662 1539 726 q.
1606 642 1965 726 ἠρασάμην,
2030 643 2203 708 unde
2267 642 2518 707 dativus
2582 651 2785 726 σφῷν.

334 729 423 795 Cf.
475 732 662 796 1385.
709 733 861 796 Ant.
909 733 1057 795 427.
1105 732 1177 795 ἐκ
1226 731 1283 796 δ’
1329 730 1491 814 ἀρὰς
1535 731 1744 803 κακὰς
1782 733 1791 814 Ι
1832 733 2031 815 ἠρᾶτο
2075 739 2230 796 τοῖσι
2273 734 2547 816 τοῦργον
2591 732 2785 815 ἐξειρ-

333 822 684 904 γασμένοις.

516 910 702 973 1376.
751 909 1223 996 ἀνακαλοῦμαι]
1273 910 1364 976 Of.
1410 910 1505 974 Tr.
1557 911 1702 975 910.
1750 909 1900 974 Eur.
1949 910 2183 977 Phoen.
2234 911 2380 974 616.
2427 909 2785 994 Μυκήναις,

328 999 421 1083 μὴ
474 997 702 1073 ’νθάδ’,
752 1000 1047 1064 ἀνακάλει
1077 1000 1289 1070 θεούς.
1340 1001 1486 1063 622.
1533 999 1834 1064 ἀνακάλει
1862 999 2113 1084 Λέρνης
2144 999 2346 1082 ὕδωρ.
2395 999 2543 1064 626.
2590 1001 2786 1065 Arist.

330 1089 430 1153 Fr.
480 1089 627 1152 314.
673 1087 951 1160 Μούσας
996 1089 1330 1153 ἀνακαλεῖν
1376 1089 1958 1173 ἑλικοβοστρύχους.

516 1179 703 1241 1381.
750 1180 789 1261 ἡ
848 1172 1251 1261 παλαίφατος
1314 1178 1506 1264 Δίκη]
1574 1178 1662 1243 Cf.
1716 1179 1935 1243 Trach.
1984 1179 2130 1243 823.
2203 1184 2313 1262 τῆς
2385 1179 2787 1262 παλαιφάτου

331 1268 653 1350 προνοίας.
713 1269 939 1333 Aesch.
988 1269 1107 1351 Ag.
1158 1268 1303 1331 750.
1368 1268 1764 1351 παλαίφατος
1811 1305 1895 1314 -
1941 1267 2146 1350 λόγος.

518 1357 705 1419 1382.
752 1357 1055 1439 ξύνεδρος
1103 1355 1342 1442 Ζηνὸς]
1392 1356 1478 1421 Cf.
1533 1357 1719 1421 1267.
1769 1360 1916 1421 Ant.
1953 1358 2097 1421 798.
2143 1362 2273 1421 τῶν
2316 1358 2616 1440 μεγάλων
2659 1358 2783 1420 πά-

332 1446 563 1529 ρεδρος
606 1446 890 1527 θεσμῶν.
937 1447 1085 1509 451.
1131 1447 1323 1510 Arist.
1365 1446 1486 1509 Av.
1526 1447 1713 1510 1753.
1760 1446 1868 1511 καὶ
1911 1445 2237 1530 πάρεδρον
2279 1446 2616 1511 Βασίλειαν
2662 1448 2786 1530 ἔχει

333 1534 498 1605 Διός.
545 1534 711 1598 Nub.
763 1536 906 1598 903.
953 1537 1110 1618 φέρε
1155 1535 1278 1618 γὰρ
1322 1540 1451 1599 ποῦ
1501 1538 1647 1600 ’στιν
1693 1535 1917 1619 (δίκη),·
1956 1535 1966 1618 Ι
2006 1534 2113 1600 ΔΙ.
2160 1535 2336 1618 παρὰ
2391 1542 2547 1601 τοῖσι
2591 1537 2785 1608 θεοῖς.

333 1624 595 1688 Hesiod.
643 1622 754 1709 Op.
797 1624 941 1687 259.
988 1625 1120 1707 πὰρ
1166 1624 1264 1688 Διὶ
1307 1624 1495 1708 πατρὶ
1539 1626 1943 1709 καθεζομένη
1975 1624 2292 1708 Κρονίωνι
2341 1625 2560 1709 (Δίκη).
2606 1623 2786 1690 Dem.

330 1734 388 1797 p.
440 1714 584 1777 772.
647 1713 761 1797 τὴν
808 1750 891 1760 -
939 1714 1177 1797 σεμνὴν
1241 1713 1455 1797 Δίκην,
1522 1716 1601 1798 ἣν
1665 1715 1703 1778 ὁ
1747 1715 1857 1786 τὰς
1920 1716 2270 1797 ἁγιωτάτας
2335 1716 2485 1798 ἡμῖν
2547 1714 2789 1785 τελετὰς

331 1801 701 1876 καταδείξας
754 1801 1035 1886 Ὀρφεὺς
1097 1802 1271 1885 παρὰ
1335 1802 1445 1867 τὸν
1506 1809 1618 1868 τοῦ
1682 1802 1832 1875 Διὸς
1893 1804 2136 1886 θρόνον
2198 1803 2354 1887 φησὶ
2409 1804 2788 1886 καθημένην

332 1893 534 1955 πάντα
597 1891 671 1955 τὰ
735 1897 865 1956 τῶν
919 1893 1294 1975 ἀνθρώπων
1339 1895 1603 1976 ἐφορᾶν.
1670 1892 1836 1957 Plut.
1885 1894 2068 1958 Alex.
2120 1895 2222 1955 52.
2289 1893 2409 1956 οὐκ
2457 1891 2647 1956 οἶσθα
2695 1893 2787 1956 ὅτι

329 1981 443 2064 τὴν
489 1981 685 2064 Δίκην
747 1983 870 2064 ἔχει
934 1982 1260 2064 πάρεδρον
1314 1982 1352 2045 δ
1409 1980 1573 2052 Ζεὺς
1625 1980 1733 2046 καὶ
1793 1981 1906 2064 τὴν
1959 1980 2158 2065 Θέμιν
2206 2006 2323 2058 —‚·
2502 1981 2788 2064 ἀρχαίοις

332 2071 584 2156 νόμοις]
634 2070 721 2135 Cf.
773 2071 966 2135 Arist.
1015 2073 1135 2134 AV.
1171 2072 1316 2134 331.
1362 2072 1612 2154 παρέβη
1659 2070 1781 2153 μὲν
1825 2070 2111 2153 θεσμοὺς
2156 2070 2488 2154 ἀρχαίους,
2535 2071 2785 2154 παρέβη

335 2160 392 2224 δ’
440 2160 699 2242 ὅρκουςο
723 2160 1022 2242 ὀρνίθων.
1071 2161 1297 2225 Aesch.
1343 2160 1554 2226 Prom.
1606 2162 1753 2224 151.
1798 2166 2094 2242 νεοχμοῖς
2139 2160 2377 2243 νόμοις.

516 2250 704 2313 1383.
752 2249 1181 2333 ἀπόπτυστος]
1247 2247 1341 2313 Cf.
1396 2248 1547 2312 Eur.
1606 2249 1768 2313 Med.
1830 2251 2017 2313 1373.
2092 2246 2492 2314 ἀπόπτυστον
2565 2249 2787 2332 φρένα.

334 2339 529 2403 Arist.
586 2337 701 2420 Eq.
764 2339 952 2403 1285.
1024 2339 1137 2423 τὴν
1202 2339 1602 2403 ἀπόπτυστον
1676 2338 1926 2422 δρόσον.
2108 2340 2377 2422 ἀπάτωρ
2441 2337 2635 2426 ἐμοῦ]
2702 2338 2789 2403 Cf.

336 2430 486 2491 Ant.
539 2428 726 2492 1282.
790 2427 977 2492 τοῦδε
1038 2429 1407 2511 παμμήτωρ
1453 2433 1702 2511 νεκροῦ.
1768 2428 1995 2493 Aesch.
2043 2429 2162 2513 Ag.
2213 2429 2359 2493 311.
2407 2429 2527 2492 οὐκ
2574 2428 2788 2492 ἄπαπ-

333 2541 461 2581 πον
508 2554 592 2563 -
640 2541 727 2580 πυ
772 2517 861 2587 ός.

517 2607 703 2671 1384.
731 2541 938 2672 ρτάσδε
984 2606 1318 2692 συλλαβὼν
1363 2606 1556 2693 ἀρὰς]
1623 2606 1713 2672 Cf.
1762 2606 1833 2673 O.
1865 2607 1937 2672 R.
1987 2607 2133 2672 971.
2187 2606 2261 2671 τὰ
2320 2607 2379 2673 δ’
2427 2645 2510 2655 -
2558 2607 2785 2672 συλλα-

332 2696 475 2780 βὼν
520 2697 934 2780 θεσπίσματα.

518 2786 707 2849 1385.
754 2786 886 2871 σοι]
932 2786 1020 2851 In
1066 2787 1389 2867 (contra)
1438 2792 1526 2853 te.
1605 2786 1695 2850 Cf.
1749 2788 1936 2850 1375.
2784 2799 2793 2810 ·

518 2877 705 2938 1388.
753 2882 997 2940 κτανεῖν
1042 2876 1111 2939 θ’
1157 2877 1269 2958 ὑφ’
1316 2874 1549 2961 οὗπερ]
1599 2876 1690 2941 Cf.
1739 2877 1839 2959 Aj.
1883 2876 2071 2940 1050.
2121 2874 2412 2940 δοκοῦντ’
2460 2875 2628 2959 ἐμοὶ,
2677 2875 2787 2940 δο-

335 2970 568 3029 κοῦντα
636 2965 695 3029 δ’
742 2967 816 3036 ὃς
876 2966 1113 3047 κραίνει
1179 2972 1464 3048 στρατοῦ.
1531 2964 1601 3030 Ο.
1635 2964 1706 3028 R.
1761 2965 1949 3029 1363.
2014 2965 2328 3049 ὁμολεχὴς
2392 2963 2451 3029 δ’
2516 2964 2629 3047 ἀφ’
2694 2963 2791 3030 ὧν

337 3053 528 3125 αὐτὸς
574 3056 751 3138 ἔφυν.
799 3052 895 3117 ΕΙ.
947 3055 1137 3118 1060.

518 3144 704 3208 1389.
750 3142 821 3207 τὸ
872 3143 1199 3228 Ταρτάρου
1232 3182 1317 3191 -
1349 3142 1602 3228 ἔρεβος]
1652 3144 1745 3209 cf.
1792 3143 1891 3226 Aj.
1929 3145 2056 3207 394
2089 3163 2180 3227 Sq.
2227 3142 2377 3207 Eur.
2419 3143 2607 3228 Hipp.
2642 3144 2790 3207 837.

331 3231 404 3296 τὸ
449 3232 610 3296 κατὰ
658 3238 773 3315 γᾶς
817 3235 1072 3315 κνέφας.

520 3323 705 3385 1390.
752 3322 846 3392 ὥς
891 3323 949 3385 σ’
995 3322 1325 3407 ἀποικίσῃ]
1386 3321 1473 3386 Cf.
1520 3322 1617 3385 Tr.
1667 3322 1814 3385 955.
1861 3323 1992 3405 ἥτις
2037 3321 2249 3405 (αὔρα)
2294 3322 2367 3404 μ’
2413 3322 2791 3387 ἀποικίσειεν

337 3412 411 3476 ἐκ
456 3410 675 3474 τόπων
722 3411 884 3494 flego
930 3412 1259 3491 ἐκτόπιον).

521 3500 706 3564 1396.
756 3500 942 3585 γέρα]
998 3501 1252 3566 Ironice
1298 3500 1538 3565 dictum
1585 3505 1658 3564 ut
1700 3499 1811 3564 τὸν
1857 3498 2108 3582 ἀγαθὸν
2152 3499 2440 3583 Κρέοντα
2488 3502 2638 3566 Ant.
2688 3502 2791 3565 31.

335 3601 399 3655 et
444 3590 682 3672 ἁγαθοὶ
728 3590 1135 3673 στρατηλάται
1182 3588 1294 3653 Ph.
1343 3592 1492 3654 873.

520 3680 708 3742 1397.
756 3681 900 3742 οὔτε
947 3716 1031 3725 -
1076 3685 1192 3743 νῦν
1235 3678 1320 3763 τ’]
1388 3679 1476 3743 Cf.
1530 3679 1686 3744 Plat.
1737 3678 1905 3743 Prot.
1956 3679 2085 3743 309
2117 3679 2189 3743 B.
2255 3680 2397 3743 οὔτε
2450 3685 2792 3762 προσεῖχον

332 3768 443 3831 τὸν
474 3773 645 3842 νοῦν,
693 3769 1221 3852 ἐπελανθανόμην
1250 3793 1314 3832 τε
1350 3769 1546 3832 αὐτοῦ
1579 3769 1781 3851 θαμά.
1916 3774 2048 3839 ταῖς
2077 3768 2547 3851 παρελθούσαις
2592 3768 2789 3853 ὁδοῖς]

336 3855 427 3921 Cf.
477 3859 623 3922 Ant.
678 3859 865 3921 1213.
913 3856 1038 3940 ἆρα
1090 3859 1582 3941 δυστυχεστάτην
1623 3859 1631 3942 Ι
1672 3857 1983 3922 κέλευθον
2029 3859 2207 3940 ἕρπω
2254 3863 2383 3922 τῶν
2427 3859 2788 3940 παρελθου-

335 3951 471 4011 σῶν
518 3946 728 4022 ὁδῶν,·
774 3946 924 4011 Eur.
960 3947 1158 4012 Andr.
1198 3948 1383 4010 1126.
1429 3949 1594 4018 τίνος
1637 3950 1706 4030 μ’
1740 3948 1911 4010 ἕκατι
1957 3950 2203 4012 κτείνετ’
2246 3949 2519 4031 εὐσεβεῖς
2550 3947 2743 4018 ὁδοὺς
2779 3944 2787 4035 Ι

333 4037 570 4120 ἥκοντα
581 4061 605 4113 ,·
668 4037 895 4101 Aesch.
944 4035 1093 4100 Cho.
1145 4038 1289 4100 343.
1346 4038 1587 4101 τέκνων
1639 4060 1704 4100 τε
1758 4037 2086 4107 κελεύθοις
2132 4038 2534 4120 ἐπίστρεπτον
2588 4038 2790 4101 αἰῶνα

333 4127 561 4196 κτίσας.
626 4125 809 4190 Pind.
866 4126 943 4190 N.
992 4125 1166 4190 VIII.
1218 4126 1318 4189 60.
1383 4126 1712 4197 κελεύθοις
1786 4126 2053 4196 ἁπλοαῒς
2127 4128 2300 4200 ζωᾶς
2375 4128 2790 4212 ἐφαπτοίμαν.

333 4214 483 4279 Eur.
532 4213 718 4279 Herc.
768 4217 913 4278 432.
960 4216 1103 4298 βίου
1150 4216 1459 4280 κέλευθον
1504 4216 1718 4280 ἄθεον.

522 4305 707 4368 1398.
757 4307 900 4368 οὔτε
948 4342 1032 4351 -
1080 4305 1441 4388 ξυνήδομαί
1480 4305 1611 4390 σοι]
1661 4304 1753 4369 Cf.
1801 4304 1951 4368 Eur.
2001 4303 2164 4368 Med.
2212 4305 2354 4367 136.
2402 4304 2555 4368 οὐδὲ
2602 4306 2790 4388 συνή-

336 4394 557 4507 δομαι,
606 4391 664 4457 ὦ
712 4395 919 4475 γύναι,
976 4395 1188 4477 ἄλγεσι
1244 4395 1557 4477 δώματος.
1614 4392 1802 4478 Hipp.
1856 4394 2045 4457 1281.
2101 4396 2158 4457 τί
2195 4395 2386 4465 τάλας
2429 4393 2636 4458 τοῖσδε
2682 4418 2790 4458 συ-

334 4483 707 4635 νηόειιὲξὸ.
756 4572 845 4636 cf.
895 4571 965 4636 o.
999 4572 1071 4635 R.
1119 4574 1269 4635 417.
1319 4572 1534 4636 Elmsl.
1586 4572 1666 4635 ad
1712 4572 1863 4637 Her.
1916 4574 2059 4635 131.
2107 4578 2173 4636 et
2217 4572 2382 4637 Med.
2436 4575 2623 4637 1333.

2236 4679 2365 4743 16*
