<?xml version="1.0" encoding="UTF-8"?>
<!DOCTYPE html PUBLIC "-//W3C//DTD XHTML 1.0 Transitional//EN"
    "http://www.w3.org/TR/xhtml1/DTD/xhtml1-transitional.dtd">
<html xmlns="http://www.w3.org/1999/xhtml" xml:lang="en" lang="en">
 <head>
  <title>
</title>
<meta http-equiv="Content-Type" content="text/html;charset=utf-8" />
  <meta name='ocr-system' content='tesseract 3.04.00' />
  <meta name='ocr-capabilities' content='ocr_page ocr_carea ocr_par ocr_line ocrx_word'/>
</head>
<body>
  <div class='ocr_page' id='page_1' title='image "./spicilegiumsoph01blaygoog_0310.png"; bbox 0 0 3463 5287; ppageno 0'>
   <div class='ocr_carea' id='block_1_1' title="bbox 662 423 2097 491">
    <p class='ocr_par' dir='ltr' id='par_1_1' title="bbox 662 423 2097 491">
     <span class='ocr_line' id='line_1_1' title="bbox 662 423 2097 491; baseline 0.003 -6"><span class='ocrx_word' id='word_1_1' title='bbox 662 423 793 486; x_wconf 84' lang='lat'><strong><em>298</em></strong></span> <span class='ocrx_word' id='word_1_2' title='bbox 1675 445 1927 491; x_wconf 68' lang='lat' dir='ltr'><strong>ommes</strong></span> <span class='ocrx_word' id='word_1_3' title='bbox 1971 445 2097 491; x_wconf 68' lang='lat' dir='ltr'><strong><em>mcx</em></strong></span> 
     </span>
    </p>
   </div>
   <div class='ocr_carea' id='block_1_2' title="bbox 655 601 3124 2583">
    <p class='ocr_par' dir='ltr' id='par_1_2' title="bbox 655 601 3117 777">
     <span class='ocr_line' id='line_1_2' title="bbox 657 601 3117 690; baseline 0.001 -24"><span class='ocrx_word' id='word_1_4' title='bbox 657 602 723 673; x_wconf 77' lang='grc' dir='ltr'><strong><em>ἐς</em></strong></span> <span class='ocrx_word' id='word_1_5' title='bbox 765 601 876 666; x_wconf 89' lang='grc' dir='ltr'><strong><em>τὸν</em></strong></span> <span class='ocrx_word' id='word_1_6' title='bbox 920 603 1164 666; x_wconf 85' lang='grc' dir='ltr'><strong><em>ἅπαντα</em></strong></span> <span class='ocrx_word' id='word_1_7' title='bbox 1211 603 1447 686; x_wconf 91' lang='grc' dir='ltr'><strong><em>χρόνον</em></strong></span> <span class='ocrx_word' id='word_1_8' title='bbox 1493 604 1906 686; x_wconf 76' lang='grc' dir='ltr'><strong><em>ἐλευθέροισι,</em></strong></span> <span class='ocrx_word' id='word_1_9' title='bbox 1960 604 2051 688; x_wconf 87' lang='grc' dir='ltr'><strong><em>μὴ</em></strong></span> <span class='ocrx_word' id='word_1_10' title='bbox 2110 605 2659 688; x_wconf 75' lang='grc' dir='ltr'><strong><em>ἀνασωσαμένοισι</em></strong></span> <span class='ocrx_word' id='word_1_11' title='bbox 2717 606 2786 670; x_wconf 83' lang='grc' dir='ltr'><strong><em>ὁὲ</em></strong></span> <span class='ocrx_word' id='word_1_12' title='bbox 2840 606 2953 690; x_wconf 85' lang='grc' dir='ltr'><strong><em>τὴν</em></strong></span> <span class='ocrx_word' id='word_1_13' title='bbox 2996 607 3117 689; x_wconf 81' lang='grc' dir='ltr'><strong><em>ἀρ-</em></strong></span> 
     </span>
     <span class='ocr_line' id='line_1_3' title="bbox 655 691 2499 777; baseline 0.003 -23"><span class='ocrx_word' id='word_1_14' title='bbox 655 691 780 775; x_wconf 83' lang='grc' dir='ltr'><strong><em>χὴν</em></strong></span> <span class='ocrx_word' id='word_1_15' title='bbox 825 729 909 739; x_wconf 94' lang='lat'>—</span> <span class='ocrx_word' id='word_1_16' title='bbox 956 691 1029 755; x_wconf 86' lang='grc' dir='ltr'><strong><em>τὰ</em></strong></span> <span class='ocrx_word' id='word_1_17' title='bbox 1077 693 1320 757; x_wconf 80' lang='grc' dir='ltr'><strong><em>ἐναντία</em></strong></span> <span class='ocrx_word' id='word_1_18' title='bbox 1366 695 1634 758; x_wconf 87' lang='grc' dir='ltr'><strong><em>τούτοισι</em></strong></span> <span class='ocrx_word' id='word_1_19' title='bbox 1679 694 1950 777; x_wconf 80' lang='grc' dir='ltr'><strong><em>ἀρέομαι</em></strong></span> <span class='ocrx_word' id='word_1_20' title='bbox 1996 695 2146 777; x_wconf 80' lang='grc' dir='ltr'><strong><em>ὑμῖν</em></strong></span> <span class='ocrx_word' id='word_1_21' title='bbox 2192 695 2499 776; x_wconf 81' lang='grc' dir='ltr'><strong><em>γενέσθαι.</em></strong></span> 
     </span>
    </p>

    <p class='ocr_par' dir='ltr' id='par_1_3' title="bbox 838 782 1997 867">
     <span class='ocr_line' id='line_1_4' title="bbox 838 782 1997 867; baseline 0.003 -24"><span class='ocrx_word' id='word_1_22' title='bbox 838 782 984 844; x_wconf 93' lang='grc'><strong>271.</strong></span> <span class='ocrx_word' id='word_1_23' title='bbox 1030 790 1124 863; x_wconf 78' lang='grc' dir='ltr'><strong><em>τῷ</em></strong></span> <span class='ocrx_word' id='word_1_24' title='bbox 1167 783 1397 866; x_wconf 84' lang='grc' dir='ltr'><em>πότμῳ</em></span> <span class='ocrx_word' id='word_1_25' title='bbox 1446 782 1561 867; x_wconf 88' lang='grc'><strong><em>-]</em></strong></span> <span class='ocrx_word' id='word_1_26' title='bbox 1610 783 1658 848; x_wconf 92' lang='lat' dir='ltr'><strong><em>I.</em></strong></span> <span class='ocrx_word' id='word_1_27' title='bbox 1706 802 1759 847; x_wconf 89' lang='lat' dir='ltr'><strong><em>e.</em></strong></span> <span class='ocrx_word' id='word_1_28' title='bbox 1807 789 1997 867; x_wconf 81' lang='lat' dir='ltr'><strong>peste.</strong></span> 
     </span>
    </p>

    <p class='ocr_par' dir='ltr' id='par_1_4' title="bbox 656 869 3122 1205">
     <span class='ocr_line' id='line_1_5' title="bbox 838 869 3118 957; baseline 0.002 -25"><span class='ocrx_word' id='word_1_29' title='bbox 838 871 984 933; x_wconf 92' lang='lat'><strong><em>272.</em></strong></span> <span class='ocrx_word' id='word_1_30' title='bbox 1032 872 1414 954; x_wconf 87' lang='grc' dir='ltr'><strong><em>φθερεῖσθαι</em></strong></span> <span class='ocrx_word' id='word_1_31' title='bbox 1444 892 1591 936; x_wconf 85' lang='lat' dir='ltr'><strong>mss.</strong></span> <span class='ocrx_word' id='word_1_32' title='bbox 1658 869 1747 936; x_wconf 86' lang='lat' dir='ltr'><strong><em>Cf.</em></strong></span> <span class='ocrx_word' id='word_1_33' title='bbox 1776 872 1968 936; x_wconf 82' lang='lat' dir='ltr'><strong>Thue.</strong></span> <span class='ocrx_word' id='word_1_34' title='bbox 2006 872 2146 937; x_wconf 90' lang='lat' dir='ltr'><strong><em>VII.</em></strong></span> <span class='ocrx_word' id='word_1_35' title='bbox 2169 875 2271 937; x_wconf 88' lang='lat'><strong><em>48.</em></strong></span> <span class='ocrx_word' id='word_1_36' title='bbox 2296 874 2352 936; x_wconf 84' lang='lat'><strong><em>5.</em></strong></span> <span class='ocrx_word' id='word_1_37' title='bbox 2385 873 2766 957; x_wconf 83' lang='grc' dir='ltr'><strong><em>φθερεῒσθαι</em></strong></span> <span class='ocrx_word' id='word_1_38' title='bbox 2796 874 3008 938; x_wconf 80' lang='grc' dir='ltr'><strong><em>αὐτῶν</em></strong></span> <span class='ocrx_word' id='word_1_39' title='bbox 3040 873 3118 937; x_wconf 81' lang='grc' dir='ltr'><strong><em>τὰ</em></strong></span> 
     </span>
     <span class='ocr_line' id='line_1_6' title="bbox 656 960 3122 1047; baseline 0.002 -25"><span class='ocrx_word' id='word_1_40' title='bbox 656 960 1014 1043; x_wconf 82' lang='grc' dir='ltr'><strong><em>πράγματα.</em></strong></span> <span class='ocrx_word' id='word_1_41' title='bbox 1080 961 1274 1025; x_wconf 85' lang='lat' dir='ltr'><strong>Arist.</strong></span> <span class='ocrx_word' id='word_1_42' title='bbox 1321 961 1436 1045; x_wconf 86' lang='lat' dir='ltr'><strong><em>Eq.</em></strong></span> <span class='ocrx_word' id='word_1_43' title='bbox 1485 963 1631 1025; x_wconf 83' lang='lat'><strong>892.</strong></span> <span class='ocrx_word' id='word_1_44' title='bbox 1707 962 2083 1045; x_wconf 84' lang='grc' dir='ltr'><strong><em>ἀποφθερεῖ.</em></strong></span> <span class='ocrx_word' id='word_1_45' title='bbox 2179 961 2304 1027; x_wconf 84' lang='lat' dir='ltr'><strong><em>Sed</em></strong></span> <span class='ocrx_word' id='word_1_46' title='bbox 2368 964 2816 1045; x_wconf 85' lang='lat' dir='ltr'><strong>corrigendum</strong></span> <span class='ocrx_word' id='word_1_47' title='bbox 2864 964 3122 1047; x_wconf 82' lang='lat' dir='ltr'><strong>procul-</strong></span> 
     </span>
     <span class='ocr_line' id='line_1_7' title="bbox 659 1048 3117 1136; baseline 0.001 -24"><span class='ocrx_word' id='word_1_48' title='bbox 659 1048 857 1113; x_wconf 87' lang='lat' dir='ltr'>dubio</span> <span class='ocrx_word' id='word_1_49' title='bbox 888 1050 1237 1133; x_wconf 83' lang='grc' dir='ltr'><strong><em>φθαρῆναι.</em></strong></span> <span class='ocrx_word' id='word_1_50' title='bbox 1372 1050 1510 1115; x_wconf 81' lang='grc' dir='ltr'><strong><em>κᾶτι</em></strong></span> <span class='ocrx_word' id='word_1_51' title='bbox 1539 1051 1715 1115; x_wconf 84' lang='grc' dir='ltr'><strong><em>τοῦὸ’</em></strong></span> <span class='ocrx_word' id='word_1_52' title='bbox 1748 1050 2021 1136; x_wconf 78' lang='grc' dir='ltr'><strong><em>ἐχθίονι]</em></strong></span> <span class='ocrx_word' id='word_1_53' title='bbox 2071 1050 2166 1119; x_wconf 84' lang='lat' dir='ltr'><strong><em>Cf.</em></strong></span> <span class='ocrx_word' id='word_1_54' title='bbox 2200 1051 2297 1115; x_wconf 87' lang='lat' dir='ltr'><strong><em>El.</em></strong></span> <span class='ocrx_word' id='word_1_55' title='bbox 2336 1052 2521 1116; x_wconf 87' lang='lat'>1189.</span> <span class='ocrx_word' id='word_1_56' title='bbox 2554 1052 2744 1116; x_wconf 80' lang='grc' dir='ltr'><strong><em>τῶνδ’</em></strong></span> <span class='ocrx_word' id='word_1_57' title='bbox 2777 1050 2861 1116; x_wconf 83' lang='grc' dir='ltr'><strong><em>ἔτ’</em></strong></span> <span class='ocrx_word' id='word_1_58' title='bbox 2894 1053 3117 1136; x_wconf 78' lang='grc' dir='ltr'><strong><em>ἐχθίω.</em></strong></span> 
     </span>
     <span class='ocr_line' id='line_1_8' title="bbox 664 1139 1912 1205; baseline 0.001 -3"><span class='ocrx_word' id='word_1_59' title='bbox 664 1139 850 1202; x_wconf 88' lang='grc'><strong>1370.</strong></span> <span class='ocrx_word' id='word_1_60' title='bbox 902 1141 1049 1203; x_wconf 87' lang='lat' dir='ltr'><strong>Ant.</strong></span> <span class='ocrx_word' id='word_1_61' title='bbox 1084 1140 1183 1202; x_wconf 88' lang='lat'><strong><em>64.</em></strong></span> <span class='ocrx_word' id='word_1_62' title='bbox 1232 1140 1459 1204; x_wconf 83' lang='lat' dir='ltr'><strong>Aesch.</strong></span> <span class='ocrx_word' id='word_1_63' title='bbox 1507 1139 1716 1205; x_wconf 90' lang='lat' dir='ltr'><strong>Prom.</strong></span> <span class='ocrx_word' id='word_1_64' title='bbox 1766 1141 1912 1205; x_wconf 83' lang='lat'><strong><em>871.</em></strong></span> 
     </span>
    </p>

    <p class='ocr_par' dir='ltr' id='par_1_5' title="bbox 656 1228 3122 1580">
     <span class='ocr_line' id='line_1_9' title="bbox 838 1228 3122 1315; baseline 0.001 -24"><span class='ocrx_word' id='word_1_65' title='bbox 838 1230 985 1291; x_wconf 86' lang='grc'><strong>274.</strong></span> <span class='ocrx_word' id='word_1_66' title='bbox 1031 1230 1071 1311; x_wconf 83' lang='grc' dir='ltr'><strong><em>ἡ</em></strong></span> <span class='ocrx_word' id='word_1_67' title='bbox 1104 1228 1474 1315; x_wconf 85' lang='grc' dir='ltr'><strong><em>σύμμαχος]</em></strong></span> <span class='ocrx_word' id='word_1_68' title='bbox 1520 1229 1877 1313; x_wconf 83' lang='lat' dir='ltr'><strong>Proleptice</strong></span> <span class='ocrx_word' id='word_1_69' title='bbox 1930 1231 2210 1314; x_wconf 89' lang='lat' dir='ltr'><strong>positum</strong></span> <span class='ocrx_word' id='word_1_70' title='bbox 2259 1238 2329 1295; x_wconf 86' lang='lat' dir='ltr'><strong><em>ut</em></strong></span> <span class='ocrx_word' id='word_1_71' title='bbox 2366 1231 2789 1314; x_wconf 84' lang='grc' dir='ltr'><strong><em>πολύφθορος</em></strong></span> <span class='ocrx_word' id='word_1_72' title='bbox 2818 1230 2915 1294; x_wconf 89' lang='lat' dir='ltr'><strong><em>Tr.</em></strong></span> <span class='ocrx_word' id='word_1_73' title='bbox 2949 1232 3122 1313; x_wconf 79' lang='grc'><strong>478,</strong></span> 
     </span>
     <span class='ocr_line' id='line_1_10' title="bbox 657 1316 3117 1403; baseline 0.001 -22"><span class='ocrx_word' id='word_1_74' title='bbox 657 1316 767 1382; x_wconf 87' lang='grc' dir='ltr'><strong><em>τὸν</em></strong></span> <span class='ocrx_word' id='word_1_75' title='bbox 811 1319 1085 1401; x_wconf 82' lang='grc' dir='ltr'><strong><em>εὔαγρον</em></strong></span> <span class='ocrx_word' id='word_1_76' title='bbox 1131 1318 1200 1383; x_wconf 90' lang='grc' dir='ltr'><strong><em>Ο.</em></strong></span> <span class='ocrx_word' id='word_1_77' title='bbox 1236 1318 1304 1383; x_wconf 98' lang='grc' dir='ltr'><strong><em>Ο.</em></strong></span> <span class='ocrx_word' id='word_1_78' title='bbox 1342 1319 1528 1382; x_wconf 89' lang='lat'><strong>1089.</strong></span> <span class='ocrx_word' id='word_1_79' title='bbox 1607 1318 1696 1384; x_wconf 85' lang='lat' dir='ltr'><strong><em>Cf.</em></strong></span> <span class='ocrx_word' id='word_1_80' title='bbox 1729 1319 1827 1383; x_wconf 85' lang='lat' dir='ltr'><strong><em>Fr.</em></strong></span> <span class='ocrx_word' id='word_1_81' title='bbox 1863 1320 2009 1384; x_wconf 87' lang='grc'><strong>302.</strong></span> <span class='ocrx_word' id='word_1_82' title='bbox 2057 1321 2178 1383; x_wconf 82' lang='grc' dir='ltr'><strong><em>οὐκ</em></strong></span> <span class='ocrx_word' id='word_1_83' title='bbox 2225 1321 2348 1384; x_wconf 80' lang='grc' dir='ltr'><strong><em>ἔστι</em></strong></span> <span class='ocrx_word' id='word_1_84' title='bbox 2392 1327 2519 1392; x_wconf 90' lang='grc' dir='ltr'><strong><em>τοῖς</em></strong></span> <span class='ocrx_word' id='word_1_85' title='bbox 2562 1320 2652 1403; x_wconf 87' lang='grc' dir='ltr'><strong><em>μὴ</em></strong></span> <span class='ocrx_word' id='word_1_86' title='bbox 2705 1320 2904 1403; x_wconf 82' lang='grc' dir='ltr'><strong><em>ὁρῶσι</em></strong></span> <span class='ocrx_word' id='word_1_87' title='bbox 2952 1320 3117 1403; x_wconf 86' lang='grc' dir='ltr'><strong><em>σύμ-</em></strong></span> 
     </span>
     <span class='ocr_line' id='line_1_11' title="bbox 656 1407 3120 1493; baseline 0.001 -22"><span class='ocrx_word' id='word_1_88' title='bbox 656 1430 868 1491; x_wconf 89' lang='grc' dir='ltr'><strong><em>μαχος</em></strong></span> <span class='ocrx_word' id='word_1_89' title='bbox 919 1408 1093 1490; x_wconf 85' lang='grc' dir='ltr'><strong>τύχη.</strong></span> <span class='ocrx_word' id='word_1_90' title='bbox 1161 1408 1307 1471; x_wconf 89' lang='grc'><strong>667.</strong></span> <span class='ocrx_word' id='word_1_91' title='bbox 1377 1407 1468 1471; x_wconf 84' lang='grc' dir='ltr'><strong><em>ΕΙ.</em></strong></span> <span class='ocrx_word' id='word_1_92' title='bbox 1518 1409 1663 1472; x_wconf 87' lang='lat'><strong>991.</strong></span> <span class='ocrx_word' id='word_1_93' title='bbox 1729 1407 1878 1473; x_wconf 86' lang='lat' dir='ltr'><strong>Eur.</strong></span> <span class='ocrx_word' id='word_1_94' title='bbox 1926 1407 2021 1473; x_wconf 87' lang='lat' dir='ltr'><strong><em>El.</em></strong></span> <span class='ocrx_word' id='word_1_95' title='bbox 2074 1409 2220 1474; x_wconf 87' lang='grc'><strong>766.</strong></span> <span class='ocrx_word' id='word_1_96' title='bbox 2285 1407 2343 1474; x_wconf 85' lang='grc' dir='ltr'><em>ὦ</em></span> <span class='ocrx_word' id='word_1_97' title='bbox 2398 1410 2539 1474; x_wconf 82' lang='grc' dir='ltr'><strong><em>θεοὶ</em></strong></span> <span class='ocrx_word' id='word_1_98' title='bbox 2598 1410 2740 1493; x_wconf 84' lang='grc' dir='ltr'><strong><em>ὁίκη</em></strong></span> <span class='ocrx_word' id='word_1_99' title='bbox 2796 1433 2860 1473; x_wconf 82' lang='grc' dir='ltr'><strong><em>τε</em></strong></span> <span class='ocrx_word' id='word_1_100' title='bbox 2915 1410 3120 1474; x_wconf 84' lang='grc' dir='ltr'><strong><em>πάνθ’</em></strong></span> 
     </span>
     <span class='ocr_line' id='line_1_12' title="bbox 659 1495 1331 1580; baseline 0.003 -21"><span class='ocrx_word' id='word_1_101' title='bbox 659 1495 879 1579; x_wconf 83' lang='grc' dir='ltr'><strong><em>ὁρῶσ’,</em></strong></span> <span class='ocrx_word' id='word_1_102' title='bbox 925 1496 1120 1580; x_wconf 81' lang='grc' dir='ltr'><strong><em>ἦλθές</em></strong></span> <span class='ocrx_word' id='word_1_103' title='bbox 1164 1521 1331 1561; x_wconf 89' lang='grc' dir='ltr'><strong><em>ποτε.</em></strong></span> 
     </span>
    </p>

    <p class='ocr_par' dir='ltr' id='par_1_6' title="bbox 839 1604 3118 1689">
     <span class='ocr_line' id='line_1_13' title="bbox 839 1604 3118 1689; baseline 0.001 -23"><span class='ocrx_word' id='word_1_104' title='bbox 839 1605 984 1667; x_wconf 88' lang='grc'><strong>275.</strong></span> <span class='ocrx_word' id='word_1_105' title='bbox 1035 1604 1121 1668; x_wconf 89' lang='lat' dir='ltr'><strong><em>Cf.</em></strong></span> <span class='ocrx_word' id='word_1_106' title='bbox 1155 1606 1253 1688; x_wconf 85' lang='lat' dir='ltr'><strong><em>Aj.</em></strong></span> <span class='ocrx_word' id='word_1_107' title='bbox 1291 1604 1434 1668; x_wconf 87' lang='lat'><strong><em>057.</em></strong></span> <span class='ocrx_word' id='word_1_108' title='bbox 1472 1604 1800 1669; x_wconf 83' lang='grc' dir='ltr'><strong><em>Ἀπόλλων</em></strong></span> <span class='ocrx_word' id='word_1_109' title='bbox 1834 1642 1917 1652; x_wconf 90' lang='grc'>-</span> <span class='ocrx_word' id='word_1_110' title='bbox 1951 1605 2093 1688; x_wconf 78' lang='grc' dir='ltr'><strong><em>ἐμοὶ</em></strong></span> <span class='ocrx_word' id='word_1_111' title='bbox 2139 1606 2382 1689; x_wconf 81' lang='grc' dir='ltr'><strong><em>ξυνείης</em></strong></span> <span class='ocrx_word' id='word_1_112' title='bbox 2430 1604 2532 1668; x_wconf 85' lang='grc' dir='ltr'><strong><em>ὁια</em></strong></span> <span class='ocrx_word' id='word_1_113' title='bbox 2564 1604 2800 1676; x_wconf 87' lang='grc' dir='ltr'><strong><em>παντὸς</em></strong></span> <span class='ocrx_word' id='word_1_114' title='bbox 2831 1607 3118 1688; x_wconf 84' lang='grc' dir='ltr'><strong><em>εὔφρων.</em></strong></span> 
     </span>
    </p>

    <p class='ocr_par' dir='ltr' id='par_1_7' title="bbox 659 1691 3124 2583">
     <span class='ocr_line' id='line_1_14' title="bbox 838 1691 3115 1782; baseline 0 -25"><span class='ocrx_word' id='word_1_115' title='bbox 838 1693 986 1757; x_wconf 90' lang='grc'><strong>276.</strong></span> <span class='ocrx_word' id='word_1_116' title='bbox 1034 1693 1123 1758; x_wconf 84' lang='lat' dir='ltr'><strong><em>Cf.</em></strong></span> <span class='ocrx_word' id='word_1_117' title='bbox 1173 1693 1243 1758; x_wconf 92' lang='grc' dir='ltr'><strong><em>Ο.</em></strong></span> <span class='ocrx_word' id='word_1_118' title='bbox 1278 1691 1340 1756; x_wconf 89' lang='grc' dir='ltr'><strong><em>Ο.</em></strong></span> <span class='ocrx_word' id='word_1_119' title='bbox 1391 1695 1535 1758; x_wconf 89' lang='grc'><strong>284.</strong></span> <span class='ocrx_word' id='word_1_120' title='bbox 1594 1694 1726 1758; x_wconf 86' lang='grc' dir='ltr'><strong><em>ἀλλ’</em></strong></span> <span class='ocrx_word' id='word_1_121' title='bbox 1774 1694 1993 1778; x_wconf 83' lang='grc' dir='ltr'><strong><em>ὥσπερ</em></strong></span> <span class='ocrx_word' id='word_1_122' title='bbox 2051 1695 2270 1778; x_wconf 86' lang='grc' dir='ltr'><strong><em>ἔλαβες</em></strong></span> <span class='ocrx_word' id='word_1_123' title='bbox 2320 1694 2430 1758; x_wconf 86' lang='grc' dir='ltr'><strong><em>τὸν</em></strong></span> <span class='ocrx_word' id='word_1_124' title='bbox 2476 1696 2685 1779; x_wconf 78' lang='grc' dir='ltr'><strong><em>ἱκέτην</em></strong></span> <span class='ocrx_word' id='word_1_125' title='bbox 2731 1696 3051 1778; x_wconf 79' lang='grc' dir='ltr'><strong><em>ἐχέγγυον,</em></strong></span> <span class='ocrx_word' id='word_1_126' title='bbox 3106 1692 3115 1782; x_wconf 78' lang='grc' dir='ltr'>Ι</span> 
     </span>
     <span class='ocr_line' id='line_1_15' title="bbox 659 1781 3119 1868; baseline 0.001 -22"><span class='ocrx_word' id='word_1_127' title='bbox 659 1783 822 1866; x_wconf 81' lang='grc' dir='ltr'><strong><em>ρύου</em></strong></span> <span class='ocrx_word' id='word_1_128' title='bbox 867 1807 950 1865; x_wconf 90' lang='grc' dir='ltr'><strong><em>με</em></strong></span> <span class='ocrx_word' id='word_1_129' title='bbox 988 1784 1113 1846; x_wconf 85' lang='grc' dir='ltr'><strong>κτλ.</strong></span> <span class='ocrx_word' id='word_1_130' title='bbox 1164 1783 1309 1846; x_wconf 88' lang='grc'><strong>276.</strong></span> <span class='ocrx_word' id='word_1_131' title='bbox 1356 1784 1574 1866; x_wconf 84' lang='grc' dir='ltr'><strong><em>ὥσπερ</em></strong></span> <span class='ocrx_word' id='word_1_132' title='bbox 1618 1808 1702 1865; x_wconf 87' lang='grc' dir='ltr'><strong><em>με</em></strong></span> <span class='ocrx_word' id='word_1_133' title='bbox 1743 1784 2182 1868; x_wconf 82' lang='grc' dir='ltr'><strong><em>κάνεστήσαθ’,</em></strong></span> <span class='ocrx_word' id='word_1_134' title='bbox 2229 1781 2362 1848; x_wconf 80' lang='grc' dir='ltr'><strong><em>ὦδε</em></strong></span> <span class='ocrx_word' id='word_1_135' title='bbox 2393 1785 2654 1848; x_wconf 87' lang='grc' dir='ltr'><strong><em>σώσατε.</em></strong></span> <span class='ocrx_word' id='word_1_136' title='bbox 2702 1784 2930 1848; x_wconf 84' lang='lat' dir='ltr'><strong>Aeseh.</strong></span> <span class='ocrx_word' id='word_1_137' title='bbox 2964 1782 3119 1848; x_wconf 87' lang='lat' dir='ltr'><strong>Cho.</strong></span> 
     </span>
     <span class='ocr_line' id='line_1_16' title="bbox 665 1872 3119 1956; baseline 0.001 -21"><span class='ocrx_word' id='word_1_138' title='bbox 665 1873 808 1936; x_wconf 91' lang='lat'><strong>108.</strong></span> <span class='ocrx_word' id='word_1_139' title='bbox 855 1873 1058 1953; x_wconf 86' lang='grc' dir='ltr'><strong><em>λέγοις</em></strong></span> <span class='ocrx_word' id='word_1_140' title='bbox 1119 1874 1217 1947; x_wconf 81' lang='grc' dir='ltr'><strong><em>ἂν,</em></strong></span> <span class='ocrx_word' id='word_1_141' title='bbox 1282 1873 1502 1956; x_wconf 83' lang='grc' dir='ltr'><strong><em>ὥσπερ</em></strong></span> <span class='ocrx_word' id='word_1_142' title='bbox 1564 1874 1781 1956; x_wconf 80' lang='grc' dir='ltr'><strong><em>ᾐδέσω</em></strong></span> <span class='ocrx_word' id='word_1_143' title='bbox 1845 1873 2050 1956; x_wconf 80' lang='grc' dir='ltr'><strong><em>τάφον</em></strong></span> <span class='ocrx_word' id='word_1_144' title='bbox 2112 1873 2368 1954; x_wconf 88' lang='grc' dir='ltr'><strong><em>πατρός.</em></strong></span> <span class='ocrx_word' id='word_1_145' title='bbox 2456 1872 2546 1937; x_wconf 87' lang='lat' dir='ltr'><strong><em>Ut</em></strong></span> <span class='ocrx_word' id='word_1_146' title='bbox 2599 1874 2703 1936; x_wconf 86' lang='lat' dir='ltr'><strong><em>hio</em></strong></span> <span class='ocrx_word' id='word_1_147' title='bbox 2759 1874 2979 1956; x_wconf 84' lang='grc' dir='ltr'><strong><em>ὥσπερ</em></strong></span> <span class='ocrx_word' id='word_1_148' title='bbox 3030 1911 3119 1920; x_wconf 92' lang='lat'>—</span> 
     </span>
     <span class='ocr_line' id='line_1_17' title="bbox 659 1959 3121 2047; baseline -0 -21"><span class='ocrx_word' id='word_1_149' title='bbox 659 1959 817 2036; x_wconf 77' lang='grc' dir='ltr'><strong><em>ὦδε,</em></strong></span> <span class='ocrx_word' id='word_1_150' title='bbox 865 1961 960 2026; x_wconf 83' lang='lat' dir='ltr'><strong><em>sie</em></strong></span> <span class='ocrx_word' id='word_1_151' title='bbox 1002 1960 1048 2047; x_wconf 85' lang='grc' dir='ltr'><em>ᾖ</em></span> <span class='ocrx_word' id='word_1_152' title='bbox 1094 2000 1177 2010; x_wconf 90' lang='grc'><strong><em>--</em></strong></span> <span class='ocrx_word' id='word_1_153' title='bbox 1223 1962 1373 2046; x_wconf 84' lang='grc' dir='ltr'><strong><em>τῇὸε</em></strong></span> <span class='ocrx_word' id='word_1_154' title='bbox 1416 1962 1512 2025; x_wconf 87' lang='lat' dir='ltr'><strong><em>Tr.</em></strong></span> <span class='ocrx_word' id='word_1_155' title='bbox 1563 1964 1707 2026; x_wconf 84' lang='lat'><strong>554.</strong></span> <span class='ocrx_word' id='word_1_156' title='bbox 1875 1963 2101 2045; x_wconf 85' lang='grc' dir='ltr'><strong><em>ἀραῖον</em></strong></span> <span class='ocrx_word' id='word_1_157' title='bbox 2146 1962 2395 2047; x_wconf 86' lang='grc' dir='ltr'><strong><em>ἔλαβες]</em></strong></span> <span class='ocrx_word' id='word_1_158' title='bbox 2455 1961 2546 2027; x_wconf 80' lang='lat' dir='ltr'><strong><em>Cf.</em></strong></span> <span class='ocrx_word' id='word_1_159' title='bbox 2595 1961 2760 2026; x_wconf 81' lang='lat' dir='ltr'><strong>Plut.</strong></span> <span class='ocrx_word' id='word_1_160' title='bbox 2808 1962 2962 2044; x_wconf 83' lang='lat' dir='ltr'><strong>Syll.</strong></span> <span class='ocrx_word' id='word_1_161' title='bbox 3016 1964 3121 2027; x_wconf 95' lang='lat'><strong><em>10.</em></strong></span> 
     </span>
     <span class='ocr_line' id='line_1_18' title="bbox 660 2051 3121 2136; baseline 0 -22"><span class='ocrx_word' id='word_1_162' title='bbox 660 2051 843 2133; x_wconf 82' lang='grc' dir='ltr'><strong><em>ἀραῖς</em></strong></span> <span class='ocrx_word' id='word_1_163' title='bbox 913 2052 1021 2115; x_wconf 81' lang='grc' dir='ltr'><strong><em>καὶ</em></strong></span> <span class='ocrx_word' id='word_1_164' title='bbox 1093 2052 1313 2134; x_wconf 86' lang='grc' dir='ltr'><strong><em>ὅρκοις</em></strong></span> <span class='ocrx_word' id='word_1_165' title='bbox 1383 2051 1766 2135; x_wconf 89' lang='grc' dir='ltr'><strong><em>καταλαβὼν</em></strong></span> <span class='ocrx_word' id='word_1_166' title='bbox 1839 2052 2161 2136; x_wconf 82' lang='grc' dir='ltr'><strong><em>εὐνοήσειν</em></strong></span> <span class='ocrx_word' id='word_1_167' title='bbox 2229 2058 2357 2123; x_wconf 87' lang='grc' dir='ltr'><strong><em>τοῖς</em></strong></span> <span class='ocrx_word' id='word_1_168' title='bbox 2429 2052 2657 2117; x_wconf 80' lang='grc' dir='ltr'><strong><em>ἑαυτοῦ</em></strong></span> <span class='ocrx_word' id='word_1_169' title='bbox 2730 2053 3121 2135; x_wconf 86' lang='grc' dir='ltr'><strong><em>πράγμασιν.</em></strong></span> 
     </span>
     <span class='ocr_line' id='line_1_19' title="bbox 659 2139 3124 2225; baseline 0 -22"><span class='ocrx_word' id='word_1_170' title='bbox 659 2140 896 2205; x_wconf 82' lang='lat' dir='ltr'><strong>Herod.</strong></span> <span class='ocrx_word' id='word_1_171' title='bbox 943 2139 1058 2204; x_wconf 88' lang='lat' dir='ltr'><strong><em>IH.</em></strong></span> <span class='ocrx_word' id='word_1_172' title='bbox 1110 2142 1210 2204; x_wconf 88' lang='grc'><strong><em>74.</em></strong></span> <span class='ocrx_word' id='word_1_173' title='bbox 1274 2142 1459 2225; x_wconf 84' lang='grc' dir='ltr'><strong><em>φίλον</em></strong></span> <span class='ocrx_word' id='word_1_174' title='bbox 1521 2141 1977 2224; x_wconf 84' lang='grc' dir='ltr'><strong><em>προσεκτέοντό</em></strong></span> <span class='ocrx_word' id='word_1_175' title='bbox 2042 2142 2229 2225; x_wconf 82' lang='grc' dir='ltr'><strong><em>(μιν),</em></strong></span> <span class='ocrx_word' id='word_1_176' title='bbox 2302 2142 2464 2206; x_wconf 84' lang='grc' dir='ltr'><strong><em>πίστι</em></strong></span> <span class='ocrx_word' id='word_1_177' title='bbox 2525 2165 2589 2205; x_wconf 90' lang='grc' dir='ltr'><strong><em>τε</em></strong></span> <span class='ocrx_word' id='word_1_178' title='bbox 2651 2141 2947 2224; x_wconf 84' lang='grc' dir='ltr'><strong><em>λαβόντες</em></strong></span> <span class='ocrx_word' id='word_1_179' title='bbox 3009 2141 3124 2205; x_wconf 80' lang='grc' dir='ltr'><strong><em>καὶ</em></strong></span> 
     </span>
     <span class='ocr_line' id='line_1_20' title="bbox 663 2229 3120 2314; baseline -0 -20"><span class='ocrx_word' id='word_1_180' title='bbox 663 2230 945 2312; x_wconf 89' lang='grc' dir='ltr'><strong><em>ὁρκίοισι.</em></strong></span> <span class='ocrx_word' id='word_1_181' title='bbox 993 2229 1110 2294; x_wconf 88' lang='grc' dir='ltr'><strong><em>ΙΧ.</em></strong></span> <span class='ocrx_word' id='word_1_182' title='bbox 1164 2232 1305 2295; x_wconf 90' lang='grc'><strong>106.</strong></span> <span class='ocrx_word' id='word_1_183' title='bbox 1361 2231 1523 2294; x_wconf 85' lang='grc' dir='ltr'><strong><em>πίστι</em></strong></span> <span class='ocrx_word' id='word_1_184' title='bbox 1576 2255 1640 2294; x_wconf 82' lang='grc' dir='ltr'><strong><em>τε</em></strong></span> <span class='ocrx_word' id='word_1_185' title='bbox 1685 2231 2145 2314; x_wconf 85' lang='grc' dir='ltr'><strong><em>καταλαβόντες</em></strong></span> <span class='ocrx_word' id='word_1_186' title='bbox 2189 2232 2296 2294; x_wconf 80' lang='grc' dir='ltr'><strong><em>καὶ</em></strong></span> <span class='ocrx_word' id='word_1_187' title='bbox 2341 2230 2608 2314; x_wconf 80' lang='grc' dir='ltr'><strong><em>ὁρκίοισι</em></strong></span> <span class='ocrx_word' id='word_1_188' title='bbox 2654 2231 2943 2314; x_wconf 77' lang='grc' dir='ltr'><strong><em>ἐμμενεῖν</em></strong></span> <span class='ocrx_word' id='word_1_189' title='bbox 2987 2231 3120 2294; x_wconf 88' lang='grc' dir='ltr'><strong><em>κτλ.</em></strong></span> 
     </span>
     <span class='ocr_line' id='line_1_21' title="bbox 659 2318 3121 2403; baseline 0.001 -22"><span class='ocrx_word' id='word_1_190' title='bbox 659 2318 813 2381; x_wconf 90' lang='lat' dir='ltr'><strong>ibid.</strong></span> <span class='ocrx_word' id='word_1_191' title='bbox 862 2319 1120 2391; x_wconf 85' lang='grc' dir='ltr'><strong><em>τούτους</em></strong></span> <span class='ocrx_word' id='word_1_192' title='bbox 1154 2320 1223 2385; x_wconf 83' lang='grc' dir='ltr'><strong><em>ὁὲ</em></strong></span> <span class='ocrx_word' id='word_1_193' title='bbox 1252 2320 1709 2403; x_wconf 85' lang='grc' dir='ltr'><strong><em>καταλαβόντες</em></strong></span> <span class='ocrx_word' id='word_1_194' title='bbox 1756 2321 2023 2403; x_wconf 86' lang='grc' dir='ltr'><strong><em>ὁρκίοισι</em></strong></span> <span class='ocrx_word' id='word_1_195' title='bbox 2057 2320 2183 2384; x_wconf 92' lang='grc' dir='ltr'><strong><em>κτλ.</em></strong></span> <span class='ocrx_word' id='word_1_196' title='bbox 2261 2318 2366 2385; x_wconf 79' lang='lat' dir='ltr'><strong><em>Sic</em></strong></span> <span class='ocrx_word' id='word_1_197' title='bbox 2411 2321 2681 2402; x_wconf 77' lang='grc' dir='ltr'><strong><em>ἔνορκον</em></strong></span> <span class='ocrx_word' id='word_1_198' title='bbox 2726 2320 2939 2402; x_wconf 88' lang='grc' dir='ltr'><strong><em>λαβεῖν</em></strong></span> <span class='ocrx_word' id='word_1_199' title='bbox 2981 2344 3121 2383; x_wconf 88' lang='grc' dir='ltr'><strong><em>τινα</em></strong></span> 
     </span>
     <span class='ocr_line' id='line_1_22' title="bbox 661 2407 3122 2497; baseline 0 -25"><span class='ocrx_word' id='word_1_200' title='bbox 661 2408 958 2472; x_wconf 83' lang='lat' dir='ltr'><strong>Aeschin.</strong></span> <span class='ocrx_word' id='word_1_201' title='bbox 991 2409 1058 2471; x_wconf 91' lang='lat' dir='ltr'><strong><em>in</em></strong></span> <span class='ocrx_word' id='word_1_202' title='bbox 1093 2408 1254 2497; x_wconf 80' lang='lat' dir='ltr'><strong>CteS.</strong></span> <span class='ocrx_word' id='word_1_203' title='bbox 1286 2429 1343 2493; x_wconf 89' lang='lat' dir='ltr'><strong><em>p.</em></strong></span> <span class='ocrx_word' id='word_1_204' title='bbox 1380 2410 1526 2491; x_wconf 88' lang='lat'><strong>399,</strong></span> <span class='ocrx_word' id='word_1_205' title='bbox 1560 2411 1661 2473; x_wconf 88' lang='grc'><strong><em>22.</em></strong></span> <span class='ocrx_word' id='word_1_206' title='bbox 1711 2409 1972 2493; x_wconf 83' lang='grc' dir='ltr'><strong><em>ὁέσμιον</em></strong></span> <span class='ocrx_word' id='word_1_207' title='bbox 2018 2408 2180 2474; x_wconf 86' lang='lat' dir='ltr'><strong>Phil.</strong></span> <span class='ocrx_word' id='word_1_208' title='bbox 2215 2409 2360 2473; x_wconf 83' lang='lat'><strong><em>679.</em></strong></span> <span class='ocrx_word' id='word_1_209' title='bbox 2437 2407 2741 2473; x_wconf 85' lang='lat' dir='ltr'><strong>Similiter</strong></span> <span class='ocrx_word' id='word_1_210' title='bbox 2788 2408 2868 2474; x_wconf 78' lang='grc' dir='ltr'><strong><em>δι’</em></strong></span> <span class='ocrx_word' id='word_1_211' title='bbox 2902 2411 3122 2474; x_wconf 87' lang='grc' dir='ltr'><strong><em>οἴκτου</em></strong></span> 
     </span>
     <span class='ocr_line' id='line_1_23' title="bbox 660 2497 1989 2583; baseline 0 -23"><span class='ocrx_word' id='word_1_212' title='bbox 660 2498 872 2580; x_wconf 85' lang='grc' dir='ltr'><strong><em>λαβεῖν</em></strong></span> <span class='ocrx_word' id='word_1_213' title='bbox 916 2498 1329 2579; x_wconf 86' lang='lat' dir='ltr'><strong>(misereri)</strong></span> <span class='ocrx_word' id='word_1_214' title='bbox 1374 2499 1527 2563; x_wconf 84' lang='lat' dir='ltr'><strong>Eur.</strong></span> <span class='ocrx_word' id='word_1_215' title='bbox 1576 2497 1792 2583; x_wconf 88' lang='lat' dir='ltr'><strong>Suppl.</strong></span> <span class='ocrx_word' id='word_1_216' title='bbox 1847 2500 1989 2564; x_wconf 88' lang='grc'><strong>193.</strong></span> 
     </span>
    </p>
   </div>
   <div class='ocr_carea' id='block_1_3' title="bbox 661 2604 3121 2780">
    <p class='ocr_par' dir='ltr' id='par_1_8' title="bbox 661 2604 3121 2780">
     <span class='ocr_line' id='line_1_24' title="bbox 840 2604 3121 2691; baseline 0.001 -21"><span class='ocrx_word' id='word_1_217' title='bbox 840 2606 987 2671; x_wconf 89' lang='grc'><strong>277.</strong></span> <span class='ocrx_word' id='word_1_218' title='bbox 1035 2605 1166 2671; x_wconf 85' lang='grc' dir='ltr'><strong><em>οὔτ’</em></strong></span> <span class='ocrx_word' id='word_1_219' title='bbox 1214 2607 1476 2670; x_wconf 80' lang='grc' dir='ltr'><strong><em>ἔκτανον</em></strong></span> <span class='ocrx_word' id='word_1_220' title='bbox 1522 2605 1645 2690; x_wconf 84' lang='grc' dir='ltr'><strong><em>γὰρ</em></strong></span> <span class='ocrx_word' id='word_1_221' title='bbox 1680 2604 1796 2691; x_wconf 88' lang='grc'><strong><em>-]</em></strong></span> <span class='ocrx_word' id='word_1_222' title='bbox 1847 2606 1936 2672; x_wconf 84' lang='lat' dir='ltr'><strong><em>Cf.</em></strong></span> <span class='ocrx_word' id='word_1_223' title='bbox 1984 2607 2132 2672; x_wconf 88' lang='lat' dir='ltr'><strong>Ant.</strong></span> <span class='ocrx_word' id='word_1_224' title='bbox 2168 2606 2312 2671; x_wconf 89' lang='lat'><strong>329.</strong></span> <span class='ocrx_word' id='word_1_225' title='bbox 2359 2605 2432 2672; x_wconf 86' lang='grc' dir='ltr'><strong><em>τὸ</em></strong></span> <span class='ocrx_word' id='word_1_226' title='bbox 2478 2604 2599 2690; x_wconf 84' lang='grc' dir='ltr'><strong><em>γὰρ</em></strong></span> <span class='ocrx_word' id='word_1_227' title='bbox 2641 2605 2652 2691; x_wconf 90' lang='grc' dir='ltr'>Ι</span> <span class='ocrx_word' id='word_1_228' title='bbox 2691 2606 2935 2690; x_wconf 84' lang='grc' dir='ltr'><strong><em>πρᾶγμ’</em></strong></span> <span class='ocrx_word' id='word_1_229' title='bbox 2984 2606 3121 2673; x_wconf 85' lang='grc' dir='ltr'><strong><em>οὔτ’</em></strong></span> 
     </span>
     <span class='ocr_line' id='line_1_25' title="bbox 661 2694 1933 2780; baseline 0.001 -21"><span class='ocrx_word' id='word_1_230' title='bbox 661 2694 877 2778; x_wconf 79' lang='grc' dir='ltr'><strong><em>ἔὸρασ’</em></strong></span> <span class='ocrx_word' id='word_1_231' title='bbox 925 2695 1054 2760; x_wconf 81' lang='grc' dir='ltr'><strong><em>οὔτ’</em></strong></span> <span class='ocrx_word' id='word_1_232' title='bbox 1102 2695 1274 2760; x_wconf 75' lang='grc' dir='ltr'><strong><em>εἲόον</em></strong></span> <span class='ocrx_word' id='word_1_233' title='bbox 1319 2696 1484 2767; x_wconf 85' lang='grc' dir='ltr'><strong><em>ὅστις</em></strong></span> <span class='ocrx_word' id='word_1_234' title='bbox 1529 2695 1608 2780; x_wconf 84' lang='grc' dir='ltr'><strong><em>ἦν</em></strong></span> <span class='ocrx_word' id='word_1_235' title='bbox 1654 2697 1691 2761; x_wconf 99' lang='grc' dir='ltr'><strong><em>ὁ</em></strong></span> <span class='ocrx_word' id='word_1_236' title='bbox 1741 2697 1933 2779; x_wconf 82' lang='grc' dir='ltr'><strong><em>ὁρῶν.</em></strong></span> 
     </span>
    </p>
   </div>
   <div class='ocr_carea' id='block_1_4' title="bbox 660 2784 3122 2959">
    <p class='ocr_par' dir='ltr' id='par_1_9' title="bbox 660 2784 3122 2959">
     <span class='ocr_line' id='line_1_26' title="bbox 841 2784 3122 2871; baseline 0 -23"><span class='ocrx_word' id='word_1_237' title='bbox 841 2787 985 2850; x_wconf 90' lang='grc'><strong>278.</strong></span> <span class='ocrx_word' id='word_1_238' title='bbox 1032 2791 1145 2849; x_wconf 84' lang='grc' dir='ltr'><strong><em>τοῦ</em></strong></span> <span class='ocrx_word' id='word_1_239' title='bbox 1209 2786 1610 2871; x_wconf 83' lang='grc' dir='ltr'><strong><em>πέμψαντος]</em></strong></span> <span class='ocrx_word' id='word_1_240' title='bbox 1695 2785 1784 2850; x_wconf 84' lang='lat' dir='ltr'><strong><em>Cf.</em></strong></span> <span class='ocrx_word' id='word_1_241' title='bbox 1844 2787 1989 2850; x_wconf 85' lang='lat'><strong>306.</strong></span> <span class='ocrx_word' id='word_1_242' title='bbox 2069 2784 2387 2852; x_wconf 83' lang='lat' dir='ltr'><strong>Connecte</strong></span> <span class='ocrx_word' id='word_1_243' title='bbox 2462 2786 2654 2850; x_wconf 80' lang='grc' dir='ltr'><strong><em>εἰπεῖν</em></strong></span> <span class='ocrx_word' id='word_1_244' title='bbox 2724 2785 2796 2850; x_wconf 84' lang='grc' dir='ltr'><strong><em>τὸ</em></strong></span> <span class='ocrx_word' id='word_1_245' title='bbox 2869 2786 3122 2871; x_wconf 87' lang='grc' dir='ltr'><strong><em>ζήτημα</em></strong></span> 
     </span>
     <span class='ocr_line' id='line_1_27' title="bbox 660 2873 1632 2959; baseline 0.002 -22"><span class='ocrx_word' id='word_1_246' title='bbox 660 2873 805 2939; x_wconf 77' lang='grc' dir='ltr'><strong><em>τόδε</em></strong></span> <span class='ocrx_word' id='word_1_247' title='bbox 850 2876 909 2958; x_wconf 92' lang='lat' dir='ltr'><strong><em>(i.</em></strong></span> <span class='ocrx_word' id='word_1_248' title='bbox 959 2894 1010 2940; x_wconf 93' lang='lat' dir='ltr'><strong><em>e.</em></strong></span> <span class='ocrx_word' id='word_1_249' title='bbox 1056 2875 1202 2939; x_wconf 83' lang='grc' dir='ltr'><strong><em>τόὸε</em></strong></span> <span class='ocrx_word' id='word_1_250' title='bbox 1247 2877 1285 2939; x_wconf 87' lang='grc' dir='ltr'><em>ὃ</em></span> <span class='ocrx_word' id='word_1_251' title='bbox 1333 2877 1632 2959; x_wconf 85' lang='grc' dir='ltr'><strong><em>ζητεῖται).</em></strong></span> 
     </span>
    </p>
   </div>
   <div class='ocr_carea' id='block_1_5' title="bbox 659 2981 3124 3694">
    <p class='ocr_par' dir='ltr' id='par_1_10' title="bbox 844 2981 2635 3069">
     <span class='ocr_line' id='line_1_28' title="bbox 844 2981 2635 3069; baseline 0.001 -24"><span class='ocrx_word' id='word_1_252' title='bbox 844 2983 991 3046; x_wconf 93' lang='grc'><strong>279.</strong></span> <span class='ocrx_word' id='word_1_253' title='bbox 1041 2982 1294 3069; x_wconf 85' lang='grc' dir='ltr'><strong><em>ὀιεπεῒν]</em></strong></span> <span class='ocrx_word' id='word_1_254' title='bbox 1343 2981 1434 3046; x_wconf 84' lang='lat' dir='ltr'><strong><em>Of.</em></strong></span> <span class='ocrx_word' id='word_1_255' title='bbox 1483 2983 1630 3046; x_wconf 87' lang='lat'><strong>394.</strong></span> <span class='ocrx_word' id='word_1_256' title='bbox 1676 2981 1749 3047; x_wconf 82' lang='grc' dir='ltr'><strong><em>τὸ</em></strong></span> <span class='ocrx_word' id='word_1_257' title='bbox 1798 3021 1881 3031; x_wconf 90' lang='grc'>-</span> <span class='ocrx_word' id='word_1_258' title='bbox 1929 2985 2315 3066; x_wconf 84' lang='grc' dir='ltr'><strong><em>αἴνιγμα-</em></strong></span> <span class='ocrx_word' id='word_1_259' title='bbox 2367 2983 2635 3047; x_wconf 83' lang='grc' dir='ltr'><strong><em>ὀιειπεῒν.</em></strong></span> 
     </span>
    </p>

    <p class='ocr_par' dir='ltr' id='par_1_11' title="bbox 659 3071 3124 3423">
     <span class='ocr_line' id='line_1_29' title="bbox 840 3071 3124 3155; baseline 0 -20"><span class='ocrx_word' id='word_1_260' title='bbox 840 3072 987 3135; x_wconf 91' lang='grc'><strong>280.</strong></span> <span class='ocrx_word' id='word_1_261' title='bbox 1038 3072 1125 3137; x_wconf 86' lang='lat' dir='ltr'><strong><em>Cf.</em></strong></span> <span class='ocrx_word' id='word_1_262' title='bbox 1171 3072 1267 3137; x_wconf 85' lang='lat' dir='ltr'><strong><em>El.</em></strong></span> <span class='ocrx_word' id='word_1_263' title='bbox 1318 3072 1464 3136; x_wconf 88' lang='grc'><strong>697.</strong></span> <span class='ocrx_word' id='word_1_264' title='bbox 1530 3072 1679 3136; x_wconf 86' lang='lat' dir='ltr'><strong>Eur.</strong></span> <span class='ocrx_word' id='word_1_265' title='bbox 1737 3073 1873 3137; x_wconf 89' lang='lat' dir='ltr'><strong>Ion.</strong></span> <span class='ocrx_word' id='word_1_266' title='bbox 1924 3074 2069 3137; x_wconf 86' lang='lat'><strong>374.</strong></span> <span class='ocrx_word' id='word_1_267' title='bbox 2144 3073 2210 3143; x_wconf 81' lang='grc' dir='ltr'><strong><em>ἒς</em></strong></span> <span class='ocrx_word' id='word_1_268' title='bbox 2283 3071 2404 3155; x_wconf 81' lang='grc' dir='ltr'><strong><em>γὰρ</em></strong></span> <span class='ocrx_word' id='word_1_269' title='bbox 2467 3078 2769 3137; x_wconf 87' lang='grc' dir='ltr'><strong><em>τοσοῦτον</em></strong></span> <span class='ocrx_word' id='word_1_270' title='bbox 2832 3071 3124 3155; x_wconf 83' lang='grc' dir='ltr'><strong><em>ἀμαθίας</em></strong></span> 
     </span>
     <span class='ocr_line' id='line_1_30' title="bbox 661 3160 3122 3247; baseline 0 -21"><span class='ocrx_word' id='word_1_271' title='bbox 661 3162 956 3244; x_wconf 76' lang='grc' dir='ltr'><strong><em>ἔλθοιμεν</em></strong></span> <span class='ocrx_word' id='word_1_272' title='bbox 1002 3164 1099 3236; x_wconf 83' lang='grc' dir='ltr'><strong><em>ἂν,</em></strong></span> <span class='ocrx_word' id='word_1_273' title='bbox 1141 3163 1152 3244; x_wconf 88' lang='grc' dir='ltr'>Ι</span> <span class='ocrx_word' id='word_1_274' title='bbox 1192 3164 1250 3227; x_wconf 81' lang='grc' dir='ltr'><strong><em>εἰ</em></strong></span> <span class='ocrx_word' id='word_1_275' title='bbox 1288 3160 1435 3233; x_wconf 86' lang='grc' dir='ltr'><strong><em>τοὺς</em></strong></span> <span class='ocrx_word' id='word_1_276' title='bbox 1498 3161 1694 3234; x_wconf 85' lang='grc' dir='ltr'><strong><em>θεοὺς</em></strong></span> <span class='ocrx_word' id='word_1_277' title='bbox 1757 3164 2029 3232; x_wconf 81' lang='grc' dir='ltr'><strong><em>ἄκοντας</em></strong></span> <span class='ocrx_word' id='word_1_278' title='bbox 2091 3161 2532 3244; x_wconf 77' lang='grc' dir='ltr'><strong><em>ἐκπονήσομεν</em></strong></span> <span class='ocrx_word' id='word_1_279' title='bbox 2578 3162 2673 3244; x_wconf 78' lang='grc' dir='ltr'><strong><em>(Ρ)</em></strong></span> <span class='ocrx_word' id='word_1_280' title='bbox 2716 3161 2725 3247; x_wconf 85' lang='grc' dir='ltr'>Ι</span> <span class='ocrx_word' id='word_1_281' title='bbox 2766 3162 3031 3244; x_wconf 86' lang='grc' dir='ltr'><strong><em>φράζειν</em></strong></span> <span class='ocrx_word' id='word_1_282' title='bbox 3076 3165 3122 3226; x_wconf 84' lang='grc' dir='ltr'>ἃ</span> 
     </span>
     <span class='ocr_line' id='line_1_31' title="bbox 659 3249 3120 3338; baseline 0.001 -23"><span class='ocrx_word' id='word_1_283' title='bbox 659 3250 750 3334; x_wconf 87' lang='grc' dir='ltr'><strong><em>μὴ</em></strong></span> <span class='ocrx_word' id='word_1_284' title='bbox 817 3251 1113 3316; x_wconf 85' lang='grc' dir='ltr'><strong><em>θέλουσιν</em></strong></span> <span class='ocrx_word' id='word_1_285' title='bbox 1167 3254 1207 3335; x_wconf 86' lang='grc' dir='ltr'><em>ἢ</em></span> <span class='ocrx_word' id='word_1_286' title='bbox 1254 3252 1658 3334; x_wconf 83' lang='grc' dir='ltr'><strong><em>προβωμίοις</em></strong></span> <span class='ocrx_word' id='word_1_287' title='bbox 1705 3249 1715 3338; x_wconf 86' lang='grc' dir='ltr'>Ι</span> <span class='ocrx_word' id='word_1_288' title='bbox 1767 3257 2066 3334; x_wconf 85' lang='grc' dir='ltr'><strong><em>σφαγαῖσι</em></strong></span> <span class='ocrx_word' id='word_1_289' title='bbox 2129 3251 2356 3335; x_wconf 88' lang='grc' dir='ltr'><strong><em>μήλων</em></strong></span> <span class='ocrx_word' id='word_1_290' title='bbox 2419 3253 2459 3334; x_wconf 86' lang='grc' dir='ltr'><em>ἢ</em></span> <span class='ocrx_word' id='word_1_291' title='bbox 2510 3251 2589 3315; x_wconf 75' lang='grc' dir='ltr'><strong><em>δι’</em></strong></span> <span class='ocrx_word' id='word_1_292' title='bbox 2655 3252 2910 3316; x_wconf 78' lang='grc' dir='ltr'><strong><em>οἰωνῶν</em></strong></span> <span class='ocrx_word' id='word_1_293' title='bbox 2971 3276 3120 3317; x_wconf 87' lang='grc' dir='ltr'><strong><em>πτε-</em></strong></span> 
     </span>
     <span class='ocr_line' id='line_1_32' title="bbox 663 3341 955 3423; baseline -0.003 -19"><span class='ocrx_word' id='word_1_294' title='bbox 663 3346 798 3421; x_wconf 90' lang='grc' dir='ltr'><strong><em>ροῖς</em></strong></span> <span class='ocrx_word' id='word_1_295' title='bbox 845 3341 955 3423; x_wconf 78' lang='grc' dir='ltr'><strong>(Ρ).</strong></span> 
     </span>
    </p>

    <p class='ocr_par' dir='ltr' id='par_1_12' title="bbox 663 3429 3124 3603">
     <span class='ocr_line' id='line_1_33' title="bbox 843 3429 3124 3514; baseline 0 -20"><span class='ocrx_word' id='word_1_296' title='bbox 843 3429 1110 3494; x_wconf 82' lang='grc' dir='ltr'><strong>282.τά</strong></span> <span class='ocrx_word' id='word_1_297' title='bbox 1178 3431 1414 3513; x_wconf 78' lang='grc' dir='ltr'><strong><em>δεύτερ’</em></strong></span> <span class='ocrx_word' id='word_1_298' title='bbox 1471 3430 1543 3494; x_wconf 77' lang='grc' dir='ltr'><strong><em>ἐκ</em></strong></span> <span class='ocrx_word' id='word_1_299' title='bbox 1606 3429 1831 3514; x_wconf 79' lang='grc' dir='ltr'><strong><em>τῶνδ’]</em></strong></span> <span class='ocrx_word' id='word_1_300' title='bbox 1904 3429 2050 3495; x_wconf 86' lang='lat' dir='ltr'><strong><em>The</em></strong></span> <span class='ocrx_word' id='word_1_301' title='bbox 2111 3435 2299 3494; x_wconf 82' lang='lat' dir='ltr'><strong>next</strong></span> <span class='ocrx_word' id='word_1_302' title='bbox 2360 3429 2528 3494; x_wconf 89' lang='lat' dir='ltr'><strong>best</strong></span> <span class='ocrx_word' id='word_1_303' title='bbox 2589 3449 2856 3495; x_wconf 80' lang='lat' dir='ltr'><strong>course</strong></span> <span class='ocrx_word' id='word_1_304' title='bbox 2922 3430 3124 3496; x_wconf 80' lang='lat' dir='ltr'><strong>after</strong></span> 
     </span>
     <span class='ocr_line' id='line_1_34' title="bbox 663 3518 3064 3603; baseline 0 -20"><span class='ocrx_word' id='word_1_305' title='bbox 663 3520 832 3583; x_wconf 88' lang='lat' dir='ltr'><strong>this.</strong></span> <span class='ocrx_word' id='word_1_306' title='bbox 910 3518 1000 3583; x_wconf 86' lang='lat' dir='ltr'><strong><em>Cf.</em></strong></span> <span class='ocrx_word' id='word_1_307' title='bbox 1056 3519 1292 3585; x_wconf 84' lang='lat' dir='ltr'><strong>Herod.</strong></span> <span class='ocrx_word' id='word_1_308' title='bbox 1340 3518 1516 3584; x_wconf 90' lang='lat' dir='ltr'><strong>VIII.</strong></span> <span class='ocrx_word' id='word_1_309' title='bbox 1581 3518 1721 3583; x_wconf 92' lang='lat'><strong>100.</strong></span> <span class='ocrx_word' id='word_1_310' title='bbox 1787 3519 1981 3603; x_wconf 81' lang='grc' dir='ltr'><strong><em>ἄλλην</em></strong></span> <span class='ocrx_word' id='word_1_311' title='bbox 2043 3520 2174 3602; x_wconf 78' lang='grc' dir='ltr'><strong><em>ἔχω</em></strong></span> <span class='ocrx_word' id='word_1_312' title='bbox 2239 3520 2346 3583; x_wconf 80' lang='grc' dir='ltr'><strong><em>καὶ</em></strong></span> <span class='ocrx_word' id='word_1_313' title='bbox 2410 3519 2481 3582; x_wconf 79' lang='grc' dir='ltr'><strong><em>ἐκ</em></strong></span> <span class='ocrx_word' id='word_1_314' title='bbox 2543 3519 2747 3583; x_wconf 85' lang='grc' dir='ltr'><strong><em>τῶνὸε</em></strong></span> <span class='ocrx_word' id='word_1_315' title='bbox 2808 3519 3064 3603; x_wconf 85' lang='grc' dir='ltr'><strong><em>βουλήν.</em></strong></span> 
     </span>
    </p>

    <p class='ocr_par' dir='ltr' id='par_1_13' title="bbox 750 3606 2681 3694">
     <span class='ocr_line' id='line_1_35' title="bbox 750 3606 2681 3694; baseline 0 -22"><span class='ocrx_word' id='word_1_316' title='bbox 750 3612 831 3673; x_wconf 82' lang='grc' dir='ltr'><strong><em>ἂν</em></strong></span> <span class='ocrx_word' id='word_1_317' title='bbox 874 3609 1145 3694; x_wconf 85' lang='grc' dir='ltr'><strong><em>λέγοιμ’]</em></strong></span> <span class='ocrx_word' id='word_1_318' title='bbox 1192 3608 1465 3693; x_wconf 82' lang='lat' dir='ltr'><strong>Angliee</strong></span> <span class='ocrx_word' id='word_1_319' title='bbox 1509 3609 1544 3673; x_wconf 93' lang='lat' dir='ltr'><strong>I</strong></span> <span class='ocrx_word' id='word_1_320' title='bbox 1588 3609 1748 3671; x_wconf 85' lang='lat' dir='ltr'><strong><em>will</em></strong></span> <span class='ocrx_word' id='word_1_321' title='bbox 1794 3627 1943 3691; x_wconf 82' lang='lat' dir='ltr'><strong>say.</strong></span> <span class='ocrx_word' id='word_1_322' title='bbox 2022 3608 2113 3673; x_wconf 79' lang='lat' dir='ltr'><strong><em>Of.</em></strong></span> <span class='ocrx_word' id='word_1_323' title='bbox 2163 3609 2262 3672; x_wconf 88' lang='lat'><strong><em>95.</em></strong></span> <span class='ocrx_word' id='word_1_324' title='bbox 2312 3606 2382 3671; x_wconf 92' lang='grc' dir='ltr'><strong><em>Ο.</em></strong></span> <span class='ocrx_word' id='word_1_325' title='bbox 2418 3607 2484 3674; x_wconf 90' lang='lat' dir='ltr'><strong><em>C.</em></strong></span> <span class='ocrx_word' id='word_1_326' title='bbox 2535 3609 2681 3672; x_wconf 88' lang='grc'><strong>507.</strong></span> 
     </span>
    </p>
   </div>
   <div class='ocr_carea' id='block_1_6' title="bbox 660 3714 3123 4048">
    <p class='ocr_par' dir='ltr' id='par_1_14' title="bbox 660 3714 3123 4048">
     <span class='ocr_line' id='line_1_36' title="bbox 841 3714 3121 3799; baseline 0 -19"><span class='ocrx_word' id='word_1_327' title='bbox 841 3719 987 3780; x_wconf 88' lang='grc'><strong>283.</strong></span> <span class='ocrx_word' id='word_1_328' title='bbox 1033 3716 1105 3781; x_wconf 84' lang='grc' dir='ltr'><strong><em>τὸ</em></strong></span> <span class='ocrx_word' id='word_1_329' title='bbox 1148 3716 1239 3799; x_wconf 85' lang='grc' dir='ltr'><strong><em>μὴ</em></strong></span> <span class='ocrx_word' id='word_1_330' title='bbox 1290 3716 1367 3780; x_wconf 86' lang='grc' dir='ltr'><strong><em>οὐ</em></strong></span> <span class='ocrx_word' id='word_1_331' title='bbox 1415 3714 1687 3799; x_wconf 85' lang='grc' dir='ltr'><strong><em>φράσαι]</em></strong></span> <span class='ocrx_word' id='word_1_332' title='bbox 1739 3714 1825 3779; x_wconf 85' lang='lat' dir='ltr'><strong><em>Of.</em></strong></span> <span class='ocrx_word' id='word_1_333' title='bbox 1879 3717 2066 3779; x_wconf 87' lang='grc'><strong>1232.</strong></span> <span class='ocrx_word' id='word_1_334' title='bbox 2113 3717 2263 3779; x_wconf 86' lang='lat' dir='ltr'><strong>Ant.</strong></span> <span class='ocrx_word' id='word_1_335' title='bbox 2313 3717 2458 3779; x_wconf 85' lang='lat'><strong>544.</strong></span> <span class='ocrx_word' id='word_1_336' title='bbox 2506 3717 2607 3799; x_wconf 87' lang='lat' dir='ltr'><strong><em>Aj.</em></strong></span> <span class='ocrx_word' id='word_1_337' title='bbox 2650 3716 2794 3780; x_wconf 91' lang='grc'><strong>728.</strong></span> <span class='ocrx_word' id='word_1_338' title='bbox 2839 3716 2937 3780; x_wconf 82' lang='lat' dir='ltr'><strong><em>Tr.</em></strong></span> <span class='ocrx_word' id='word_1_339' title='bbox 2972 3716 3121 3780; x_wconf 88' lang='grc'><strong>622.</strong></span> 
     </span>
     <span class='ocr_line' id='line_1_37' title="bbox 660 3803 3120 3889; baseline -0.001 -19"><span class='ocrx_word' id='word_1_340' title='bbox 660 3806 751 3889; x_wconf 86' lang='grc' dir='ltr'><strong><em>μὴ</em></strong></span> <span class='ocrx_word' id='word_1_341' title='bbox 802 3806 879 3870; x_wconf 83' lang='grc' dir='ltr'><strong><em>οὗ</em></strong></span> <span class='ocrx_word' id='word_1_342' title='bbox 926 3807 1098 3883; x_wconf 83' lang='lat' dir='ltr'><strong>(Sine</strong></span> <span class='ocrx_word' id='word_1_343' title='bbox 1143 3805 1236 3886; x_wconf 86' lang='grc' dir='ltr'><strong><em>τὸ)</em></strong></span> <span class='ocrx_word' id='word_1_344' title='bbox 1284 3805 1355 3870; x_wconf 93' lang='grc' dir='ltr'><strong><em>Ο.</em></strong></span> <span class='ocrx_word' id='word_1_345' title='bbox 1387 3805 1459 3870; x_wconf 91' lang='lat' dir='ltr'><strong><em>R.</em></strong></span> <span class='ocrx_word' id='word_1_346' title='bbox 1514 3806 1701 3869; x_wconf 88' lang='grc'><strong>1065.</strong></span> <span class='ocrx_word' id='word_1_347' title='bbox 1755 3806 1943 3869; x_wconf 91' lang='grc'><strong>1091.</strong></span> <span class='ocrx_word' id='word_1_348' title='bbox 2003 3804 2074 3869; x_wconf 92' lang='grc' dir='ltr'><strong><em>Ο.</em></strong></span> <span class='ocrx_word' id='word_1_349' title='bbox 2109 3803 2175 3868; x_wconf 89' lang='grc' dir='ltr'><strong><em>Ο.</em></strong></span> <span class='ocrx_word' id='word_1_350' title='bbox 2225 3805 2369 3868; x_wconf 88' lang='grc'><strong>566.</strong></span> <span class='ocrx_word' id='word_1_351' title='bbox 2418 3807 2566 3868; x_wconf 65' lang='lat' dir='ltr'><strong>Ant.</strong></span> <span class='ocrx_word' id='word_1_352' title='bbox 2619 3806 2763 3869; x_wconf 87' lang='grc'><strong>936.</strong></span> <span class='ocrx_word' id='word_1_353' title='bbox 2821 3806 2921 3888; x_wconf 86' lang='lat' dir='ltr'><strong><em>Aj.</em></strong></span> <span class='ocrx_word' id='word_1_354' title='bbox 2973 3806 3120 3868; x_wconf 88' lang='grc'><strong>540.</strong></span> 
     </span>
     <span class='ocr_line' id='line_1_38' title="bbox 661 3893 3123 4048; baseline 0 -91"><span class='ocrx_word' id='word_1_355' title='bbox 661 3894 1149 4048; x_wconf 37' lang='lat' dir='ltr'><strong><em>{11:51337bssg3.</em></strong></span> <span class='ocrx_word' id='word_1_356' title='bbox 1215 3896 1444 3960; x_wconf 84' lang='lat' dir='ltr'><strong>Aesch.</strong></span> <span class='ocrx_word' id='word_1_357' title='bbox 1500 3894 1603 3959; x_wconf 88' lang='lat' dir='ltr'><strong><em>Pr.</em></strong></span> <span class='ocrx_word' id='word_1_358' title='bbox 1654 3895 1802 3958; x_wconf 88' lang='grc'><strong>627.</strong></span> <span class='ocrx_word' id='word_1_359' title='bbox 1853 3895 1998 3958; x_wconf 90' lang='grc'><strong>787.</strong></span> <span class='ocrx_word' id='word_1_360' title='bbox 2048 3895 2193 3958; x_wconf 89' lang='grc'><strong>918.</strong></span> <span class='ocrx_word' id='word_1_361' title='bbox 2268 3893 2452 3958; x_wconf 86' lang='lat' dir='ltr'><strong>Eum.</strong></span> <span class='ocrx_word' id='word_1_362' title='bbox 2502 3895 2649 3958; x_wconf 88' lang='lat'><strong>300.</strong></span> <span class='ocrx_word' id='word_1_363' title='bbox 2701 3895 2842 3958; x_wconf 88' lang='lat'><strong>914.</strong></span> <span class='ocrx_word' id='word_1_364' title='bbox 2911 3899 2976 3958; x_wconf 89' lang='lat' dir='ltr'><strong><em>et</em></strong></span> <span class='ocrx_word' id='word_1_365' title='bbox 3040 3894 3123 3957; x_wconf 83' lang='lat' dir='ltr'><strong><em>ad</em></strong></span> 
     </span>
    </p>
   </div>
   <div class='ocr_carea' id='block_1_7' title="bbox 607 4090 3120 4630">
    <p class='ocr_par' dir='ltr' id='par_1_15' title="bbox 844 4090 2867 4174">
     <span class='ocr_line' id='line_1_39' title="bbox 844 4090 2867 4174; baseline 0 -21"><span class='ocrx_word' id='word_1_366' title='bbox 844 4093 989 4154; x_wconf 89' lang='lat'><strong>284.</strong></span> <span class='ocrx_word' id='word_1_367' title='bbox 1039 4091 1127 4156; x_wconf 86' lang='lat' dir='ltr'><strong><em>Cf.</em></strong></span> <span class='ocrx_word' id='word_1_368' title='bbox 1177 4091 1247 4156; x_wconf 92' lang='lat' dir='ltr'><strong><em>O.</em></strong></span> <span class='ocrx_word' id='word_1_369' title='bbox 1281 4090 1347 4156; x_wconf 92' lang='grc' dir='ltr'><strong><em>Ο.</em></strong></span> <span class='ocrx_word' id='word_1_370' title='bbox 1400 4093 1586 4155; x_wconf 88' lang='lat'><strong>1359.</strong></span> <span class='ocrx_word' id='word_1_371' title='bbox 1634 4094 1703 4155; x_wconf 78' lang='grc' dir='ltr'><strong><em>ἐν</em></strong></span> <span class='ocrx_word' id='word_1_372' title='bbox 1750 4090 1934 4174; x_wconf 84' lang='grc' dir='ltr'><strong><em>πόνῳ</em></strong></span> <span class='ocrx_word' id='word_1_373' title='bbox 1979 4091 2190 4173; x_wconf 72' lang='grc' dir='ltr'><strong><em>ταύτῷ·</em></strong></span> <span class='ocrx_word' id='word_1_374' title='bbox 2233 4090 2532 4174; x_wconf 87' lang='grc' dir='ltr'><strong><em>βεβηκὼς</em></strong></span> <span class='ocrx_word' id='word_1_375' title='bbox 2580 4111 2669 4138; x_wconf 72' lang='grc'><strong><em>-’</em></strong></span> <span class='ocrx_word' id='word_1_376' title='bbox 2710 4092 2867 4174; x_wconf 78' lang='grc' dir='ltr'><strong><em>ἐμοί.</em></strong></span> 
     </span>
    </p>

    <p class='ocr_par' dir='ltr' id='par_1_16' title="bbox 844 4180 3120 4265">
     <span class='ocr_line' id='line_1_40' title="bbox 844 4180 3120 4265; baseline -0 -21"><span class='ocrx_word' id='word_1_377' title='bbox 844 4183 990 4245; x_wconf 92' lang='grc'><strong>287.</strong></span> <span class='ocrx_word' id='word_1_378' title='bbox 1039 4183 1107 4245; x_wconf 76' lang='grc' dir='ltr'><strong><em>ἓν</em></strong></span> <span class='ocrx_word' id='word_1_379' title='bbox 1153 4180 1403 4265; x_wconf 86' lang='grc' dir='ltr'><strong><em>ἀργοῖς]</em></strong></span> <span class='ocrx_word' id='word_1_380' title='bbox 1449 4180 1534 4245; x_wconf 91' lang='lat' dir='ltr'><strong><em>In</em></strong></span> <span class='ocrx_word' id='word_1_381' title='bbox 1582 4180 1809 4245; x_wconf 86' lang='lat' dir='ltr'><strong>rebus</strong></span> <span class='ocrx_word' id='word_1_382' title='bbox 1856 4181 2186 4245; x_wconf 82' lang='lat' dir='ltr'><strong>infectis.</strong></span> <span class='ocrx_word' id='word_1_383' title='bbox 2265 4180 2371 4245; x_wconf 84' lang='lat' dir='ltr'><strong><em>Sic</em></strong></span> <span class='ocrx_word' id='word_1_384' title='bbox 2406 4181 2501 4262; x_wconf 84' lang='lat' dir='ltr'><strong><em>Aj.</em></strong></span> <span class='ocrx_word' id='word_1_385' title='bbox 2539 4181 2681 4244; x_wconf 90' lang='grc'><strong>716.</strong></span> <span class='ocrx_word' id='word_1_386' title='bbox 2714 4183 2787 4255; x_wconf 75' lang='grc' dir='ltr'><strong><em>ἐξ</em></strong></span> <span class='ocrx_word' id='word_1_387' title='bbox 2817 4181 3120 4245; x_wconf 87' lang='grc' dir='ltr'><strong><em>ἀέλπτων.</em></strong></span> 
     </span>
    </p>

    <p class='ocr_par' dir='ltr' id='par_1_17' title="bbox 607 4268 3117 4353">
     <span class='ocr_line' id='line_1_41' title="bbox 607 4268 3117 4353; baseline 0 -23"><span class='ocrx_word' id='word_1_388' title='bbox 607 4321 612 4330; x_wconf 88' lang='grc'><strong><em>.</em></strong></span> <span class='ocrx_word' id='word_1_389' title='bbox 668 4272 815 4334; x_wconf 90' lang='grc'><strong>971.</strong></span> <span class='ocrx_word' id='word_1_390' title='bbox 863 4271 930 4333; x_wconf 80' lang='grc' dir='ltr'><strong><em>ἐν</em></strong></span> <span class='ocrx_word' id='word_1_391' title='bbox 975 4276 1181 4340; x_wconf 87' lang='grc' dir='ltr'><strong><em>κενοῖς</em></strong></span> <span class='ocrx_word' id='word_1_392' title='bbox 1227 4270 1593 4352; x_wconf 85' lang='lat' dir='ltr'><strong>(frustra).</strong></span> <span class='ocrx_word' id='word_1_393' title='bbox 1660 4269 1750 4334; x_wconf 80' lang='lat' dir='ltr'><strong><em>Of.</em></strong></span> <span class='ocrx_word' id='word_1_394' title='bbox 1784 4268 1855 4334; x_wconf 91' lang='lat' dir='ltr'><strong><em>O.</em></strong></span> <span class='ocrx_word' id='word_1_395' title='bbox 1889 4269 1955 4334; x_wconf 92' lang='grc' dir='ltr'><strong><em>Ο.</em></strong></span> <span class='ocrx_word' id='word_1_396' title='bbox 1994 4271 2180 4333; x_wconf 88' lang='grc'><strong>1605.</strong></span> <span class='ocrx_word' id='word_1_397' title='bbox 2228 4270 2395 4333; x_wconf 86' lang='grc' dir='ltr'><strong><em>κούκ</em></strong></span> <span class='ocrx_word' id='word_1_398' title='bbox 2441 4269 2520 4353; x_wconf 85' lang='grc' dir='ltr'><strong><em>ἦν</em></strong></span> <span class='ocrx_word' id='word_1_399' title='bbox 2565 4269 2649 4333; x_wconf 83' lang='grc' dir='ltr'><strong><em>ἔτ’</em></strong></span> <span class='ocrx_word' id='word_1_400' title='bbox 2681 4269 2880 4352; x_wconf 82' lang='grc' dir='ltr'><strong><em>ἀργὸν</em></strong></span> <span class='ocrx_word' id='word_1_401' title='bbox 2913 4269 3117 4334; x_wconf 81' lang='grc' dir='ltr'><strong><em>οὐδέν.</em></strong></span> 
     </span>
    </p>

    <p class='ocr_par' dir='ltr' id='par_1_18' title="bbox 664 4356 3117 4535">
     <span class='ocr_line' id='line_1_42' title="bbox 664 4356 3117 4444; baseline -0.002 -20"><span class='ocrx_word' id='word_1_402' title='bbox 664 4361 813 4424; x_wconf 81' lang='lat' dir='ltr'><strong>Eur.</strong></span> <span class='ocrx_word' id='word_1_403' title='bbox 848 4359 960 4423; x_wconf 87' lang='lat' dir='ltr'><strong><em>Ph.</em></strong></span> <span class='ocrx_word' id='word_1_404' title='bbox 997 4362 1142 4423; x_wconf 86' lang='grc'><strong>778.</strong></span> <span class='ocrx_word' id='word_1_405' title='bbox 1187 4361 1257 4423; x_wconf 79' lang='grc' dir='ltr'><strong><em>ἓν</em></strong></span> <span class='ocrx_word' id='word_1_406' title='bbox 1290 4359 1346 4423; x_wconf 83' lang='grc' dir='ltr'><strong><em>ὁ’</em></strong></span> <span class='ocrx_word' id='word_1_407' title='bbox 1380 4358 1539 4423; x_wconf 77' lang='grc' dir='ltr'><strong><em>ἐστὶν</em></strong></span> <span class='ocrx_word' id='word_1_408' title='bbox 1569 4360 1720 4442; x_wconf 84' lang='grc' dir='ltr'><strong><em>ἡμῖν</em></strong></span> <span class='ocrx_word' id='word_1_409' title='bbox 1753 4358 1968 4441; x_wconf 83' lang='grc' dir='ltr'><strong><em>ἀργόν.</em></strong></span> <span class='ocrx_word' id='word_1_410' title='bbox 2106 4358 2505 4444; x_wconf 76' lang='grc' dir='ltr'><strong><em>ἐπραξάμην]</em></strong></span> <span class='ocrx_word' id='word_1_411' title='bbox 2556 4356 2673 4434; x_wconf 86' lang='lat' dir='ltr'><strong><em>Qu.</em></strong></span> <span class='ocrx_word' id='word_1_412' title='bbox 2707 4360 2837 4441; x_wconf 77' lang='grc' dir='ltr'><strong><em>ἐγὼ</em></strong></span> <span class='ocrx_word' id='word_1_413' title='bbox 2872 4358 3117 4443; x_wconf 82' lang='grc' dir='ltr'><strong><em>’θέμην.</em></strong></span> 
     </span>
     <span class='ocr_line' id='line_1_43' title="bbox 845 4448 3117 4535; baseline 0 -23"><span class='ocrx_word' id='word_1_414' title='bbox 845 4450 990 4512; x_wconf 88' lang='grc'><strong>289.</strong></span> <span class='ocrx_word' id='word_1_415' title='bbox 1037 4448 1127 4532; x_wconf 86' lang='grc' dir='ltr'><strong><em>μὴ</em></strong></span> <span class='ocrx_word' id='word_1_416' title='bbox 1176 4448 1408 4530; x_wconf 86' lang='grc' dir='ltr'><strong><em>παρὼν</em></strong></span> <span class='ocrx_word' id='word_1_417' title='bbox 1471 4448 1897 4533; x_wconf 84' lang='grc' dir='ltr'><strong><em>θαυμάζεται]</em></strong></span> <span class='ocrx_word' id='word_1_418' title='bbox 1964 4448 2052 4513; x_wconf 85' lang='lat' dir='ltr'><strong><em>Cf.</em></strong></span> <span class='ocrx_word' id='word_1_419' title='bbox 2111 4448 2337 4515; x_wconf 82' lang='lat' dir='ltr'><strong>Aesoh.</strong></span> <span class='ocrx_word' id='word_1_420' title='bbox 2387 4448 2552 4532; x_wconf 84' lang='lat' dir='ltr'><strong>Sept.</strong></span> <span class='ocrx_word' id='word_1_421' title='bbox 2604 4449 2748 4512; x_wconf 89' lang='grc'><strong>704.</strong></span> <span class='ocrx_word' id='word_1_422' title='bbox 2815 4449 2996 4535; x_wconf 89' lang='grc' dir='ltr'><strong><em>χάρις</em></strong></span> <span class='ocrx_word' id='word_1_423' title='bbox 3061 4448 3117 4513; x_wconf 78' lang='grc' dir='ltr'><strong><em>δ’</em></strong></span> 
     </span>
    </p>

    <p class='ocr_par' dir='ltr' id='par_1_19' title="bbox 667 4538 1847 4630">
     <span class='ocr_line' id='line_1_44' title="bbox 667 4538 1847 4630; baseline -0.001 -29"><span class='ocrx_word' id='word_1_424' title='bbox 667 4539 779 4626; x_wconf 82' lang='grc' dir='ltr'><strong><em>ἀφ’</em></strong></span> <span class='ocrx_word' id='word_1_425' title='bbox 827 4540 1018 4630; x_wconf 82' lang='grc' dir='ltr'><strong><em>ἡμῶν</em></strong></span> <span class='ocrx_word' id='word_1_426' title='bbox 1064 4539 1392 4630; x_wconf 83' lang='grc' dir='ltr'><strong><em>ὀλομένων</em></strong></span> <span class='ocrx_word' id='word_1_427' title='bbox 1436 4538 1847 4620; x_wconf 80' lang='grc' dir='ltr'><strong><em>θαυμάζεται.</em></strong></span> 
     </span>
    </p>
   </div>
  </div>
 </body>
</html>
