3463 5287
1330 428 1582 473 omoeus
1630 427 1932 473 coronans
2726 407 2856 470 219

589 590 733 653 940.
782 589 1062 672 Αἰγέως]
1110 587 1215 652 Sic
1245 588 1495 659 πόλεως
1536 594 1608 652 ut
1637 586 2020 671 disyllabum
2055 588 2501 673 pronuntiatur
2531 606 2722 673 supra
2754 588 2855 650 47.

409 678 729 744 Connecte
774 679 1052 761 ἄβουλον
1097 697 1243 742 cum
1289 679 1576 760 τοῦργον.

589 788 734 849 942.
781 785 1042 869 αὐτοὺς]
1107 784 1156 849 Ι.
1204 805 1255 849 θ.
1303 784 1449 855 τοὺς
1494 786 1774 858 πολίτας,
1840 804 1924 849 ex
1986 784 2167 849 πόλιν
2232 782 2856 869 subintelligendum.

409 877 515 942 Sic
564 876 791 941 Aesch.
836 877 951 959 Ag.
998 876 1140 939 119.
1195 875 1503 957 βλαβέντα
1553 874 1819 957 δρόμων
1865 875 1928 953 (i.
1962 893 2012 938 e.
2060 874 2292 958 λαγὼν,
2341 874 2634 956 quamvis
2679 894 2858 958 prae-

409 967 599 1030 cessit
644 965 868 1047 γέννα).
935 965 1100 1047 Sept.
1153 965 1294 1027 194.
1363 964 1699 1047 γυναικείῳ
1747 965 1930 1046 γένει·
1972 964 1981 1047 Ι
2021 969 2345 1046 κρατοῦσα
2406 962 2527 1047 μὲν
2583 962 2704 1047 γὰρ
2751 966 2857 1043 (sc.

410 1055 591 1139 γυνὴ)
641 1092 749 1117 -.
798 1054 1006 1118 Prom.
1055 1055 1201 1117 425.
1248 1053 1357 1117 καὶ
1401 1053 1673 1136 Σκύθης
1719 1053 1965 1135 ὅμιλος,
2014 1056 2084 1117 οἳ
2125 1091 2231 1116 -.
2279 1052 2463 1117 Eum.
2513 1053 2659 1117 688.
2706 1053 2857 1117 Eur.

411 1144 514 1209 Or.
563 1146 709 1208 431.
767 1144 1240 1226 Ἀγαμέμνονος
1305 1143 1375 1207 δὲ
1420 1146 1684 1226 σκῆπτρ’
1750 1143 1825 1225 ἑᾷ
1887 1143 1945 1206 σ’
2000 1144 2163 1225 ἔχειν
2215 1143 2426 1220 πόλις,·
2467 1142 2477 1224 Ι
2525 1141 2650 1208 ΟΡ.
2697 1147 2857 1216 πῶς,

410 1236 626 1305 οἵτινες
691 1235 806 1316 ζῆν
871 1233 992 1296 οὐκ
1056 1231 1208 1296 ὲῶσ’
1274 1234 1443 1315 ἡμᾶς
1507 1234 1623 1309 &tm
1692 1232 1884 1295 Timo.
1930 1231 1979 1296 I.
2031 1235 2086 1296 3.
2151 1233 2219 1296 ἐν
2281 1239 2356 1316 τῇ
2420 1231 2725 1296 Φθιώτιδι
2773 1269 2856 1278 --

410 1324 640 1394 αὐτούς
687 1321 855 1403 (τοὺς
908 1321 1244 1401 Φθιώτας).
1312 1321 1358 1384 Ι.
1413 1322 1555 1384 136.
1622 1322 1660 1385 ὁ
1708 1321 1777 1385 δὲ
1833 1322 2050 1404 φεύγει
2098 1359 2182 1368 -
2229 1323 2293 1393 ἐς
2339 1321 2698 1405 Κέρκυραν,
2763 1323 2860 1385 ὢν

410 1414 622 1477 αὐτῶν
675 1412 1015 1494 εὐεργέτης.
1080 1411 1316 1476 Herod.
1365 1410 1506 1474 VII.
1556 1412 1658 1474 84.
1724 1411 2192 1494 συμπλακείσης
2259 1411 2327 1475 δὲ
2382 1418 2491 1495 τῆς
2545 1418 2699 1490 νῆος
2752 1412 2860 1475 καὶ

412 1504 490 1566 οὔ
538 1502 914 1587 δυναμένων
960 1501 1394 1583 ἀπαλλαγῆναι
1440 1505 1548 1582 (Sc.
1595 1506 1723 1565 τῶν
1764 1501 2103 1582 ἐπιβατῶν)
2136 1538 2246 1564 —-.
2295 1501 2591 1566 Aeschin.
2625 1500 2858 1565 Socrat.

412 1591 492 1656 II.
546 1594 598 1654 1.
646 1590 775 1654 ἀπὸ
821 1590 1113 1661 Σικελίας
1160 1629 1241 1636 -
1290 1590 1433 1672 περὶ
1488 1591 1698 1654 αὖτῶν
1746 1591 2020 1654 ἐκείνων.
2080 1591 2218 1655 Act.
2267 1592 2484 1674 Apost.
2533 1589 2706 1654 VIII.
2759 1592 2858 1652 14.

412 1682 795 1751 ἀκούσαντες
860 1679 930 1744 δὲ
978 1717 1060 1725 -
1109 1680 1201 1743 ὅτι
1267 1679 1550 1744 δέδεκται
1606 1681 1643 1762 ἡ
1692 1679 2026 1761 Σαμάρεια
2091 1679 2199 1743 τὸν
2271 1680 2461 1763 λόγον
2522 1685 2635 1743 τοῦ
2699 1680 2859 1743 θεοῦ

412 1770 772 1834 ἀπέστειλαν
817 1768 981 1851 πρὸς
1026 1769 1256 1840 αὐτοὺς
1295 1769 1403 1834 τὸν
1433 1768 1685 1850 Πέτρον
1729 1770 1838 1833 καὶ
1876 1767 2196 1852 Ἰωάννην.
2246 1770 2430 1833 Corn.
2465 1768 2618 1853 Nep.
2655 1768 2859 1832 Aleib.

412 1860 528 1923 XI.
579 1862 635 1921 3.
710 1860 1070 1942 ‘postquam
1142 1859 1293 1922 inde
1366 1858 1671 1942 expulsus
1742 1858 1987 1937 Thebas
2054 1864 2333 1942 venerat,
2406 1857 2560 1924 adeo
2634 1858 2861 1923 studiis

413 1969 666 2015 eorum
716 1947 1096 2012 inservisse!
1171 1948 1263 2012 Id.
1309 1948 1575 2011 Timoth.
1625 1948 1704 2010 II.
1751 1950 1803 2010 1.
1864 1948 2270 2013 ‘Laconicam
2318 1948 2654 2033 populatus
2700 1948 2861 2011 clas-

412 2058 542 2102 sem
611 2057 864 2103 eorum
933 2037 1213 2121 fugavit)
1349 2036 1610 2121 αὐτοὺς]
1672 2037 1819 2122 Leg.
1869 2038 2095 2108 αὐτοῖς.
2174 2035 2260 2101 Cf.
2313 2038 2501 2102 1150.
2550 2037 2663 2101 Ph.
2715 2038 2859 2100 965.

412 2126 555 2209 ἐμοὶ
616 2127 737 2209 μὲν
801 2125 1009 2197 οἶκτος
1075 2126 1276 2197 δεινὸς
1330 2128 1709 2209 ἐμπέπτωκέ
1753 2152 1855 2198 τις.
1922 2128 2151 2191 Aesch.
2199 2127 2317 2209 Ag.
2369 2129 2512 2191 332.
2578 2128 2744 2210 ἔρως
2791 2127 2860 2191 δὲ

411 2219 501 2299 μή
548 2241 636 2287 τις
665 2218 977 2298 πρότερον
1016 2217 1287 2299 ἐμπίπτῃ
1322 2224 1569 2299 στρατῷ
1609 2216 1617 2298 Ι
1658 2217 1887 2281 ποθεῖν
1921 2255 2029 2279 -.
2078 2215 2228 2280 Eur.
2260 2217 2445 2282 RheS.
2480 2217 2627 2280 657.
2674 2217 2859 2299 φήμη

410 2331 498 2376 τις
543 2305 813 2388 φύλαξιν
858 2307 1286 2388 ἐμπέπτωκεν.
1332 2305 1487 2369 Hec.
1537 2307 1683 2370 857.
1734 2306 1921 2390 Hipp.
1976 2307 2162 2370 1218.
2240 2305 2366 2370 Sed
2411 2305 2544 2389 Iph.
2592 2308 2668 2368 A.
2714 2307 2860 2368 808.

412 2397 583 2459 οὕτω
649 2394 852 2466 δεινὸς
914 2395 1281 2477 ἐμπέπτωκ’
1329 2397 1494 2478 ἔρως
1535 2396 1543 2478 Ι
1582 2395 1773 2479 τῆσδε
1827 2397 2144 2479 στρατείας
2188 2395 2437 2460 Ἑλλάδ’
2485 2394 2757 2475 (Ελλάδι
2805 2397 2861 2477 γ’

414 2484 581 2566 Ald.)
627 2485 747 2548 οὐκ
794 2485 943 2548 ἄνευ
989 2485 1182 2548 θεῶν.

594 2593 737 2657 944.
785 2592 1084 2658 ὁθούνεκ’
1150 2593 1229 2656 οὗ
1294 2592 1595 2678 δεξοίατ’]
1669 2592 1757 2657 Cf.
1824 2591 1894 2659 Ο.
1929 2593 1999 2659 R.
2054 2594 2238 2657 1271.
2311 2593 2532 2658 αὐδῶν
2595 2593 2862 2668 τοιαῦθ’,

413 2683 714 2747 ὁθούνεκ’
762 2683 882 2746 οὐκ
929 2683 1192 2765 ὄψοιντό
1238 2708 1332 2746 νιν
1378 2689 1491 2747 etc.

594 2792 737 2853 945.
788 2789 1083 2874 δεξοίατ’]
1133 2788 1238 2853 Sic
1284 2791 1553 2871 ὀψοίατο
1601 2789 1671 2854 Ο.
1704 2790 1777 2855 R.
1818 2792 2003 2854 1271.
2053 2791 2399 2873 γνωσοίατο
2445 2790 2595 2855 ibid.
2732 2791 2861 2872 ὅτῳ

415 2880 607 2961 γάμοι
654 2879 941 2953 ξυνόντες
972 2879 1091 2962 —l
1151 2880 1240 2943 Cf.
1290 2881 1436 2942 Ant.
1488 2881 1633 2944 370.
1682 2882 1813 2963 ὅτῳ
1857 2880 1928 2944 τὸ
1972 2881 2064 2964 μὴ
2113 2880 2311 2944 καλὸν
2356 2881 2611 2954 ξύνεστι.
2748 2882 2858 2963 γά-

411 2993 656 3050 μοι.-
701 2968 968 3053 τοκέων]
1018 2968 1104 3031 Cf.
1154 2972 1299 3033 Aut.
1348 2971 1494 3032 864.
1541 2972 1909 3053 κοιμήματά
1953 2970 2005 3033 τ’
2052 2971 2445 3054 αὐτογέννητ’
2493 2971 2633 3053 ἐμῷ
2677 2970 2863 3052 πατρὶ

416 3058 724 3141 δυσμόρῳ
768 3058 1009 3142 ματρός
1056 3060 1119 3138 (i.
1167 3078 1218 3122 ο.
1266 3059 1464 3141 patris
1510 3061 1635 3123 mei
1683 3080 1828 3124 cum
1879 3066 2076 3122 matre
2122 3062 2302 3142 ejus).

593 3148 738 3211 949.
785 3148 921 3231 τῇδ’
968 3149 1137 3230 ὁμοῦ
1185 3149 1374 3211 ναίειν
1418 3147 1628 3231 πόλει]
1687 3148 1777 3211 Cf.
1827 3147 1897 3212 Ο.
1932 3148 2001 3213 R.
2052 3151 2197 3213 338.
2253 3149 2365 3232 τὴν
2420 3145 2539 3232 σὴν
2587 3149 2645 3212 δ’
2693 3149 2862 3230 ὁμοῦ

414 3238 712 3300 ναίουσαν
758 3239 835 3301 οὗ
881 3238 1173 3308 κατεῖδες.

593 3345 738 3407 950.
785 3342 845 3427 ᾦ
907 3347 1106 3408 πίστιν
1170 3344 1391 3428 ἴσχων]
1463 3345 1567 3409 Sic
1629 3345 1830 3408 πίστιν
1893 3346 2108 3427 φέρειν
2171 3370 2283 3408 τινι
2347 3345 2441 3408 ΕΙ.
2493 3348 2637 3409 735.
2686 3346 2756 3409 Ο.
2791 3346 2861 3409 R.

420 3435 605 3497 1445.
653 3440 718 3498 et
762 3433 984 3497 Latine
1029 3434 1244 3497 ‘fidem
1296 3434 1524 3498 habere
1571 3435 1802 3498 alicui)

594 3523 739 3585 951.
787 3525 845 3587 εἰ
892 3526 984 3605 μή
1039 3548 1152 3605 μοι
1206 3522 1438 3605 πικρὰς
1488 3562 1567 3569 ·-
1617 3524 1779 3605 ἀρὰς
1833 3524 2065 3608 ἠρᾶτο]
2133 3523 2222 3588 Of.
2273 3526 2420 3588 Ant.
2469 3525 2619 3586 427.
2682 3527 2752 3589 ἐκ
2802 3525 2862 3588 δ’

414 3612 575 3694 ἀρὰς
609 3612 816 3683 κακὰς
856 3614 865 3694 Ι
907 3615 1104 3695 ἠρᾶτο
1150 3620 1305 3677 τοῖσι
1340 3651 1447 3675 -.
1497 3613 1645 3675 Eur.
1685 3614 1797 3677 Ph.
1832 3616 1933 3676 65.
1981 3613 2143 3695 ἀράς
2188 3615 2411 3695 ἀρᾶται
2457 3614 2667 3677 παισὶν
2712 3616 2858 3677 ἀνο-

413 3703 731 3772 σιωτάτας.
781 3702 1015 3766 Herod.
1055 3701 1133 3765 ΙΙ.
1170 3705 1270 3765 39.
1318 3704 1724 3784 καταρέονται
1761 3740 1840 3749 -—
1874 3710 2010 3786 τῇσι
2055 3704 2379 3787 κεφαλῇσι.
2515 3703 2746 3785 πικρὰς
2782 3741 2860 3753 —

413 3791 605 3876 ἀρὰς]
655 3792 744 3856 Cf.
793 3793 1018 3856 Aesch.
1066 3790 1231 3875 Sept.
1283 3794 1427 3855 787.
1474 3792 1996 3874 πικρογλώσσους
2043 3794 2218 3876 ἀράς.

594 3900 739 3961 953.
786 3899 919 3962 τάδ’
968 3898 1286 3982 ἀντιδρᾶν]
1336 3900 1426 3963 Cf.
1477 3901 1622 3962 271.
1671 3900 1836 3970 ὅστις
1881 3901 2118 3964 παθὼν
2163 3901 2282 3982 μὲν
2329 3901 2666 3983 ἀντέδρων.

594 3989 738 4051 954.
785 3989 1005 4071 θυμοῦ
1071 3988 1191 4070 γὰρ
1258 3989 1447 4052 οὐδὲν
1493 3990 1692 4071 γῆράς
1740 3992 1863 4051 ἐστι
1913 3989 2029 4074 —]
2088 3989 2175 4053 Cf.
2225 3990 2321 4053 Fr.
2371 3992 2517 4053 688.
2576 3991 2696 4053 οὐκ
2743 3992 2863 4053 ἔστι

413 4083 614 4160 γηρᾶς
657 4082 787 4140 τῶν
833 4083 1074 4159 σοφῶν.
1122 4077 1220 4140 Fr.
1271 4081 1370 4140 59.
1418 4076 1552 4140 ἀλλ’
1601 4079 1790 4142 οὐδὲν
1846 4081 2018 4161 ἕρπει
2065 4080 2307 4160 ψεῦδος
2354 4081 2419 4150 ἒς
2465 4087 2664 4163 γῆρας
2709 4080 2860 4161 χρό-

411 4191 543 4229 νου.
597 4168 816 4231 Aesch.
867 4167 1033 4251 Sept.
1084 4168 1229 4229 682.
1287 4168 1406 4230 οῦκ
1454 4169 1576 4230 ἔστι
1625 4176 1825 4251 γῆρας
1869 4170 2055 4231 τοῦδε
2098 4175 2209 4232 τοῦ
2255 4171 2626 4252 μιάσματος.
2671 4169 2861 4231 Thuc.

410 4255 491 4319 ΙΙ.
525 4258 628 4318 44.
676 4256 747 4320 τὸ
803 4257 924 4338 γὰρ
970 4257 1299 4339 φιλότιμον
1363 4256 1625 4338 ἀγήρων
1668 4258 1889 4339 μόνον.
1957 4257 2111 4322 Plat.
2160 4259 2314 4341 Syll.
2367 4262 2421 4323 7.
2480 4259 2864 4340 δοξομανίας

410 4347 518 4409 καὶ
564 4346 941 4427 φιλοτιμίας,
989 4347 1328 4428 ἀγηράτων
1373 4347 1627 4409 παθῶν.

594 4437 737 4498 955.
788 4434 875 4497 Cf.
925 4433 1018 4497 ΕΙ.
1074 4436 1259 4498 1170.
1314 4434 1460 4505 τοὺς
1517 4434 1638 4517 γὰρ
1686 4437 2000 4506 θανόντας
2047 4438 2166 4519 οὐχ
2213 4438 2351 4519 ὁρῶ
2407 4438 2862 4520 λυπουμένους.

409 4524 507 4588 Tr.
548 4525 734 4587 1173.
783 4525 1007 4589 Aesoh.
1040 4524 1139 4588 Fr.
1173 4526 1320 4588 244.
1367 4524 1558 4608 ἄλγος
1607 4525 1662 4588 δ’
1711 4526 1900 4590 οὐδὲν
1945 4527 2194 4590 ἅπτεται
2243 4535 2474 4609 νεκροῦ
2513 4527 2863 4610 (νεκρῶνῖ).
