3463 5287
1362 436 1613 480 munros
1659 436 1782 480 mex
2667 410 2797 479 305

349 598 536 658 1445.
586 596 684 658 ἵνα
720 630 801 640 -—
835 601 944 677 τῆς
988 595 1195 677 τύχης.
1253 594 1417 657 Med.
1472 597 1657 659 1303.
1707 596 1828 657 οὐκ
1877 594 2041 658 οἶσθ’
2091 595 2157 657 οἷ
2195 601 2421 659 κακῶν
2467 596 2798 678 ἐλήλυθας.

343 684 550 750 Hero.
599 687 701 747 46.
750 683 1001 767 ζητοῦσ’
1050 685 1213 747 ὅπου
1261 691 1376 766 γῆς
1421 684 1666 766 πύργον
1712 685 2109 766 οἰκιούμεθα.

523 775 667 837 368.
717 772 1043 856 γεγηθὼς]
1091 773 1137 837 Ι.
1188 794 1243 856 q.
1292 774 1551 856 χαίρων,
1601 774 1714 837 sed.
1761 774 2159 856 aliquantum
2206 776 2446 838 fortiuS.

523 865 667 926 369.
715 869 824 945 τῆς
869 862 1170 945 ἀληθείας
1216 862 1477 946 σθένος]
1527 862 1617 927 of.
1664 863 1762 926 Tr.
1807 864 1950 927 504.
1998 865 2161 945 μέγα
2207 888 2260 927 τι
2306 865 2536 935 σθένος
2581 864 2621 926 ἆ
2661 863 2794 927 Κύ-

341 977 487 1035 πρις
533 953 858 1036 ἐκφέρεται
906 953 1084 1022 νίκας
1129 953 1238 1016 ἀεί.
1287 954 1514 1017 Aeseh.
1555 952 1650 1015 Pr.
1689 954 1831 1015 105.
1879 953 1950 1015 τὸ
1995 960 2104 1035 τῆς
2151 953 2432 1036 ἀνάγκης
2478 953 2599 1016 ἔστ’
2637 954 2794 1036 ἀδή-

344 1066 514 1123 ριτον
559 1043 804 1112 σθένος.
871 1040 1022 1104 Eur.
1071 1042 1164 1104 El.
1216 1044 1360 1105 958.
1425 1043 1548 1124 ἔχει
1615 1042 1737 1124 γὰρ
1802 1043 1840 1124 ἡ
1890 1042 2046 1126 Δίκη
2105 1044 2271 1125 μέγα
2336 1043 2581 1113 σθένος.
2648 1045 2795 1105 427.

344 1136 572 1195 σκοπῶ
636 1131 707 1194 τὰ
777 1131 1067 1214 χρήμαθ’
1115 1132 1207 1201 ὡς
1270 1132 1395 1213 ἔχει
1458 1133 1621 1213 μέγα
1687 1132 1934 1202 σθένος.
2000 1131 2152 1195 Eur.
2202 1132 2299 1196 Fr.
2350 1134 2495 1195 343.
2552 1133 2795 1215 θάρσει,

341 1221 411 1283 τό
457 1245 550 1284 τοι
597 1220 841 1284 δίκαιον
886 1221 1082 1302 ἰσχύει
1126 1221 1308 1302 μέγα.

523 1310 668 1373 370.
719 1309 810 1373 Cf.
861 1310 931 1373 Ο.
966 1307 1029 1372 C.
1082 1309 1224 1372 787.
1292 1311 1411 1373 οὐκ
1477 1311 1600 1373 ἔστι
1665 1334 1766 1374 σοι
1829 1310 2025 1383 ταῦτ’,
2091 1312 2247 1374 ἀλλά
2311 1334 2409 1374 σοι
2472 1311 2607 1375 τάδ’
2674 1311 2797 1374 ἔστ’

344 1402 498 1472 ἐκεῖ,
542 1400 550 1479 Ι
589 1401 810 1481 χώρας
856 1399 1147 1481 ἀλάστωρ
1196 1399 1397 1481 οὑμὸς
1444 1400 1708 1464 ἐνναίων
1754 1400 1863 1463 ἀεί.
1912 1400 2073 1464 Phil.
2126 1401 2312 1465 1053.
2360 1399 2523 1483 πλὴν
2570 1402 2656 1471 εἰς
2701 1402 2795 1464 σέ·

343 1495 458 1553 νῦν
524 1488 594 1553 δὲ
657 1489 762 1552 σοί
820 1487 878 1569 γ’
925 1489 1096 1552 ἑκὼν
1160 1489 1558 1571 ἐκστήσομαι.
1635 1488 1949 1572 Repetitio
2015 1489 2198 1553 verbi
2263 1491 2622 1573 emphatica
2685 1496 2796 1554 est.

345 1577 450 1642 Sic
496 1598 548 1643 e.
596 1598 652 1662 g.
707 1579 893 1641 1141.
941 1577 1107 1659 λέγω
1157 1615 1238 1623 -
1289 1581 1327 1660 ἢ
1376 1579 1454 1641 οὐ
1500 1579 1701 1660 λέγω,·
1750 1580 1896 1642 335.

524 1686 669 1748 371.
714 1684 950 1767 τυφλὸς
997 1722 1080 1731 -
1127 1685 1235 1749 τόν
1299 1709 1361 1748 τε
1425 1684 1601 1768 νοῦν]
1677 1684 1910 1751 Confer
1972 1684 2338 1769 Epicharmi
2402 1686 2589 1768 illud,
2646 1692 2797 1757 νοῦς

344 1774 466 1856 ὁρᾷ
522 1774 630 1838 καὶ
685 1780 834 1843 νοῦς
880 1774 1114 1837 ἀκούει.
1173 1774 1319 1837 Eur.
1353 1774 1495 1838 Hel.
1534 1777 1676 1837 118.
1724 1774 1832 1838 καὶ
1862 1780 2013 1845 νοῦς
2043 1775 2183 1857 ὁρᾷ.
2235 1776 2456 1838 Aesch.
2490 1774 2657 1859 Sept.
2692 1778 2794 1839 25.

346 1864 412 1926 ἐν
458 1864 576 1927 ὠσὶ
621 1868 865 1946 νωμῶν
909 1863 1016 1928 καὶ
1063 1865 1298 1946 φρεσίν.
1349 1867 1464 1946 Ag.
1520 1864 1705 1927 1623.
1764 1865 1883 1946 οὐχ
1931 1865 2087 1945 ὁρᾷς
2133 1865 2309 1945 ὁρῶν
2354 1865 2534 1939 τάδε,·
2586 1865 2795 1928 Prom.

346 1954 491 2016 448.
547 1954 839 2022 κλύοντες
894 1954 1014 2016 οὐκ
1063 1955 1320 2035 ἤκουον.
1382 1953 1658 2034 Theogn.
1714 1954 1898 2016 1163.
1975 1954 2307 2035 ὀφθαλμοὶ
2368 1954 2475 2016 καὶ
2540 1954 2793 2035 γλῶσσα

345 2042 450 2105 καὶ
496 2043 691 2106 οὔατα
738 2043 846 2105 καὶ
891 2043 1040 2113 νόος
1087 2042 1345 2124 ἀνδρῶν
1386 2042 1394 2126 Ι
1436 2044 1505 2106 ἐν
1548 2044 1770 2124 μέσσῳ
1818 2044 2109 2125 στηθέων
2155 2043 2222 2105 ἐν
2253 2049 2528 2113 συνετοῒς
2560 2045 2795 2126 φύεται.

347 2132 527 2195 Pind.
563 2131 638 2195 N.
675 2131 813 2195 VII.
850 2134 951 2194 23.
999 2131 1283 2213 τύφλόν
1331 2130 1388 2193 δ’
1436 2133 1560 2213 ἔχει
1607 2130 1790 2214 ἦτορ
1846 2132 2065 2213 ὅμιλος
2112 2131 2369 2213 ἀνδρῶν
2415 2132 2451 2195 ὁ
2498 2132 2795 2203 πλεῖστος.

346 2220 598 2284 Heliod.
651 2224 706 2301 7,
758 2223 855 2283 12.
923 2221 1076 2284 ἀλλὰ
1142 2222 1248 2284 καὶ
1303 2227 1456 2291 νοῦς
1503 2221 1705 2304 ἐκείνῃ
1755 2221 1863 2284 καὶ
1908 2219 2038 2284 ὦτα
2086 2221 2192 2284 καὶ
2236 2222 2439 2285 πάντα
2485 2222 2795 2305 τυγχάνω.

345 2310 496 2375 Hor.
545 2310 742 2375 Serm.
791 2309 870 2372 11.
921 2314 976 2374 3.
1028 2313 1172 2373 284.
1238 2314 1459 2374 ‘sanus
1525 2311 1813 2393 utrisque
1854 2312 1863 2393 Ι
1914 2310 2230 2374 auribus
2286 2318 2476 2393 atque
2525 2313 2797 2393 oculiS,

348 2408 663 2463 mentem
715 2400 837 2463 nisi
883 2400 1200 2482 litigiosus
1238 2403 1248 2482 Ι
1291 2401 1612 2483 exciperet
1657 2401 1956 2464 dominus
2003 2420 2148 2464 cum
2199 2400 2533 2464 venderet)

526 2508 670 2570 374.
720 2506 809 2570 Cf.
855 2507 951 2570 Tr.
1002 2508 1147 2569 669.
1202 2508 1467 2589 μάλιστά
1526 2506 1607 2588 γ’,
1664 2508 1827 2581 ὥστε
1879 2508 2112 2591 μήποτ’
2159 2510 2238 2572 ἂν
2292 2508 2663 2590 προθυμίαν
2711 2545 2795 2558 -

347 2621 437 2678 τῳ
484 2597 854 2679 παραινέσαι
901 2597 1128 2680 λαβεῖν.
1183 2596 1324 2660 117.
1373 2596 1466 2660 El.
1521 2598 1662 2659 755.
1718 2598 1904 2662 1316.
2075 2599 2284 2680 τρέφει
2331 2597 2494 2680 πρὸς
2539 2598 2795 2679 νυκτὸς]

348 2687 439 2750 Cf.
487 2689 679 2750 Arist.
729 2686 895 2751 Ecol.
947 2688 1091 2750 973.
1157 2685 1458 2770 Χαρίτων
1513 2688 1795 2769 θρέμμα.
1860 2687 2099 2770 Ibycus
2146 2689 2377 2754 Athen.
2425 2708 2483 2771 p.
2534 2689 2679 2751 564.
2729 2689 2798 2752 σὲ

344 2776 464 2859 μὲν
511 2773 758 2858 Κύπρις
804 2778 847 2839 ἅ
890 2777 942 2839 τ’
989 2777 1513 2859 ἀγανοβλέφαρος
1543 2774 1775 2840 ῙῙειθὼ
1824 2777 2135 2858 ῥοδέοισιν
2176 2778 2243 2841 ἐν
2273 2778 2493 2841 ἄνθεσι
2523 2778 2795 2860 θρέψαν.

527 2886 671 2946 375.
720 2884 884 2954 ὅστις
930 2889 1076 2966 φῶς
1121 2883 1275 2967 ὁρᾷ]
1326 2883 1414 2946 Cf.
1452 2884 1560 2946 Ph.
1597 2884 1743 2947 663.
1790 2884 2018 2948 Aesch.
2070 2884 2238 2948 Pers.
2274 2886 2419 2948 255.
2452 2887 2569 2967 Ag.
2610 2886 2796 2948 1630.

349 2973 528 3035 Eum.
579 2973 724 3036 496.
772 2973 923 3037 Eur.
959 2971 1060 3037 Or.
1099 2975 1242 3036 386.
1292 2972 1442 3036 Her.
1478 2975 1621 3037 969.
1670 2972 2338 3037 Phoen.1091.1524.
2388 2974 2647 3037 Alc.18.
2683 2983 2795 3038 eto.

526 3064 671 3126 376.
721 3063 798 3125 οὐ
857 3063 977 3144 γάρ
1031 3087 1114 3144 με
1167 3068 1361 3144 μοῖρα
1415 3062 1529 3146 -]
1598 3062 1685 3125 Cf.
1736 3060 1921 3125 Hom.
1970 3062 2040 3126 Il.
2090 3061 2171 3125 X.
2226 3065 2322 3124 13.
2389 3064 2466 3125 οὗ
2533 3064 2653 3145 γάρ
2715 3088 2799 3145 με

346 3152 646 3224 κτανέεις,
694 3152 826 3215 ἐπεὶ
873 3153 1044 3215 οὔτοι
1089 3152 1407 3234 μόρσιμός
1452 3153 1574 3233 εἶμι
1624 3151 1973 3234 (μόρσιμόν
2020 3153 2233 3230 έστιΡ).
2373 3151 2598 3237 μοῖρα]
2647 3151 2795 3214 Sub.

346 3242 483 3304 ἔστί.
563 3241 653 3305 Cf.
688 3238 758 3303 Ο.
793 3240 858 3305 C.
898 3241 1084 3305 1546.
1132 3242 1230 3304 ἵνα
1274 3245 1282 3324 Ι
1321 3241 1494 3323 μοῖρ’
1543 3241 1725 3322 ἀνδρὶ
1770 3241 1939 3322 τῷδε
1986 3241 2132 3324 τῇδε
2178 3242 2547 3323 κρυφθῆναι
2595 3242 2796 3321 χθονί.

347 3330 440 3393 ΕΙ.
495 3332 680 3394 1414.
730 3329 877 3393 Eur.
927 3329 1028 3393 Or.
1083 3330 1268 3393 1656.

409 3501 416 3507 ,
526 3438 671 3501 377.
719 3437 936 3508 ἱκανὸς
973 3435 1321 3522 Ἀπόλλων]
1380 3439 1468 3502 Cf.
1517 3437 1752 3502 Herod.
1802 3437 1976 3501 VIII.
2027 3440 2126 3500 36.
2185 3438 2222 3500 ὁ
2271 3438 2340 3502 δὲ
2392 3436 2545 3510 θεὸς
2599 3441 2798 3522 σφέας

348 3528 468 3591 οὐκ
525 3530 618 3591 εἴα
676 3530 899 3591 κινέειν
955 3527 1084 3609 φὰς
1140 3527 1329 3597 αὐτὸς
1384 3527 1600 3598 ἱκανὸς
1656 3527 1809 3590 εἶναι
1866 3533 1993 3590 τῶν
2038 3529 2281 3591 ἑωυτοῦ
2335 3531 2796 3611 προκατῆσθαι.

434 3615 492 3699 ᾧ
524 3617 660 3681 τάδ’
710 3618 1018 3700 έκπράξαι
1064 3616 1266 3700 μέλει]
1316 3617 1518 3681 Schol.
1566 3617 1638 3679 τὰ
1685 3617 1825 3680 κατ’
1874 3617 1985 3698 ἐμὲ
2032 3618 2374 3699 ἐκδικῆσαι.
2426 3618 2640 3689 λείπει,
2689 3618 2799 3680 ἐάν

347 3731 429 3787 με
474 3708 808 3789 φονεύσῃς.
888 3706 974 3770 Cf.
1009 3707 1238 3770 Aesoh.
1273 3705 1486 3790 Suppl.
1523 3709 1622 3769 95.
1672 3707 1944 3769 αὐτόθεν
1992 3707 2330 3788 ἐξέπραξεν
2377 3708 2599 3788 ἔμπας.
2650 3706 2797 3770 Eur.

348 3795 561 3879 Suppl.
616 3797 802 3859 1203.
877 3796 1017 3878 θεῷ
1083 3795 1195 3866 δὸς
1250 3792 1308 3876 ᾦ
1366 3796 1635 3878 Δελφῶν
1697 3796 1883 3878 μέλει.
1952 3795 2100 3859 Cho.
2151 3797 2296 3858 947.
2364 3797 2550 3878 ἔμολε
2617 3795 2674 3858 δ’
2740 3793 2798 3879 ᾧ

345 3885 515 3965 μέλει
558 3885 949 3966 κρυπταδίου
994 3886 1221 3967 μάχας.

529 3993 673 4055 379.
725 3992 953 4074 Κρέων
1015 3995 1086 4080 γέ
1149 4017 1248 4057 σοι
1311 3993 1472 4075 πῆμ’
1529 3992 1717 4056 οὐδὲν
1766 3993 1882 4076 —]
1949 3991 2034 4055 Cf.
2082 3992 2341 4058 Hesiod.
2391 3991 2503 4076 Op.
2554 3993 2654 4055 56.
2702 3994 2805 4056 σοί

348 4080 398 4142 τ’
446 4081 623 4163 αὐτῷ·
667 4082 830 4163 μέγα
878 4088 1062 4164 πῆμα
1109 4082 1217 4145 καὶ
1263 4082 1528 4163 ἀνδράσι
1575 4083 1982 4164 ἐσσομένοισι.
2031 4082 2217 4146 Hom.
2266 4081 2336 4145 Il.
2374 4086 2431 4162 3,
2467 4085 2565 4144 50.
2613 4083 2803 4163 πατρί

348 4195 410 4233 τε
455 4177 555 4252 σῷ
597 4171 761 4253 μέγα
817 4178 1001 4254 πῆμα
1057 4172 1405 4254 κατηφείην
1463 4172 1530 4234 δὲ
1588 4173 1686 4235 σοὶ
1734 4174 1924 4254 αὐτῷ.
1988 4173 2086 4249 10,
2134 4174 2281 4234 453.
2339 4170 2543 4234 οὐκέτ’
2591 4173 2797 4234 ἔπειτα

349 4259 428 4323 σὺ
491 4262 677 4343 πῆμά
740 4264 878 4324 ποτ’
945 4263 1151 4326 ἔσσεαι
1205 4260 1587 4343 Ἀργείοισιν.
1655 4262 1818 4325 Plut.
1878 4261 2109 4324 consol.
2168 4261 2247 4323 ad
2298 4261 2498 4344 Apoll.
2549 4263 2648 4323 30.
2698 4259 2798 4323 διὸ

344 4349 451 4413 καὶ
507 4351 608 4413 ἐπὶ
660 4356 852 4415 πᾶσιν
907 4352 1241 4434 ὀδύρονται
1295 4353 1607 4421 στένοντες
1661 4352 1770 4413 καὶ
1822 4350 1933 4433 τὴν
1988 4352 2232 4413 ἑαυτῶν
2287 4350 2544 4432 ἀτυχίαν
2589 4351 2796 4412 αἰτιώ-

342 4463 550 4521 μενοι,
597 4440 762 4521 πρὸς
809 4443 921 4509 οὓς
966 4441 1305 4524 ὑποτυχὼν
1351 4441 1428 4502 ἄν
1473 4464 1561 4510 τις
1607 4442 1791 4502 εἴποι·
1851 4449 1885 4475 “
1905 4438 2067 4509 Θεὸς
2124 4439 2195 4502 δέ
2240 4464 2337 4502 σοι
2382 4441 2541 4521 πῆμ’
2590 4439 2796 4511 οὐδὲν,

345 4527 478 4591 ἀλλ’
544 4528 734 4598 αὐτὸς
799 4530 876 4591 ού
942 4529 1114 4612 σοι”,
1163 4537 1274 4593 etc.
1347 4530 1507 4593 Plut.
1559 4529 1711 4593 Mor.
1762 4550 1816 4613 p.
1875 4530 1990 4592 117
2032 4531 2101 4592 A.
2174 4530 2508 4611 ὗποτυχὼν
2571 4530 2649 4592 ἄν
2713 4553 2801 4598 τις

2285 4639 2368 4698 20
