3463 5287
618 390 756 463 343
1636 418 1887 464 onmvus
1932 420 2053 464 mxx

795 578 940 642 921.
987 578 1162 644 λύσιν
1207 615 1290 626 -
1339 577 1572 665 εὐαγῆ]
1619 579 1805 663 Angl.
1853 600 1892 643 a
1937 579 2273 644 solution
2324 579 2564 643 which
2615 579 2813 644 shall
2862 580 3067 645 show

615 667 778 732 that
821 666 1155 753 Oedipus
1220 669 1282 733 is
1353 669 1726 753 guiltless.
1805 665 1894 733 Of.
1943 671 2089 734 Ant.
2140 669 2286 733 521.
2369 669 2457 740 τίς
2520 668 2690 734 οἶδεν
2762 670 2820 733 εἰ
2890 670 3064 733 κάτω

618 756 765 821 ’στὶν
827 757 1024 842 εὐαγῆ
1079 758 1299 840 (schol.
1348 759 1606 842 εὐσεβῆ)
1659 758 1838 835 τάδε,·
1904 758 2063 822 Plat.
2109 757 2307 842 Epist.
2353 756 2434 822 II.
2484 759 2612 822 312
2647 760 2721 822 A.
2776 764 2962 823 τοῦτο
3009 758 3065 822 δ’

614 847 740 911 οὐκ
783 846 1003 929 εὗαγές
1046 871 1160 930 μοι
1205 847 1430 931 ἀπέβη.
1612 848 1811 931 εὐαγῆ
1822 844 1841 934 ]
1896 849 1946 912 I.
1995 868 2053 931 q.
2099 846 2418 930 καθαρὰν,
2465 848 2711 932 εὐσεβῆ.
2892 847 3065 932 ἡμὶν]

613 934 1032 1001 Scribendum
1078 938 1290 1021 potius
1338 935 1505 1021 ἥμιν,
1553 936 1724 1022 quod
1772 937 2008 1021 legitur
2052 936 2240 1003 Hom.
2288 937 2360 1001 Il.
2412 937 2512 1020 17,
2544 938 2693 1001 415.
2770 937 2877 1002 Sic
2920 934 3071 1020 ὗμιν

612 1024 851 1108 Phryn.
900 1042 1057 1091 eom.
1104 1026 1185 1090 ΙΙ.
1236 1027 1380 1090 594.
1429 1024 1580 1110 ἧμιν
1627 1026 1855 1091 Aeseh.
1903 1025 2088 1090 Eum.
2138 1026 2284 1089 347.
2331 1026 2518 1109 (mel.)
2564 1031 2681 1090 etc.

794 1133 940 1196 923.
987 1132 1080 1204 ὡς
1110 1134 1503 1218 κυβερνήτην
1532 1131 1728 1217 νεώς]
1760 1132 1849 1198 Cf.
1883 1134 2108 1198 Aesch.
2131 1130 2299 1217 Sept.
2322 1135 2363 1197 2
2384 1152 2474 1217 sq.
2509 1133 2612 1196 62.
2639 1132 2770 1197 208
2791 1153 2882 1217 sq.
2919 1134 3062 1197 652.

794 1223 939 1286 925.
988 1221 1079 1287 Of.
1127 1221 1220 1287 El.
1270 1222 1397 1287 660
1431 1243 1522 1305 sq.

774 1312 938 1375 926.
986 1309 1186 1396 ὅπου]
1233 1309 1383 1376 Sub.
1429 1312 1568 1377 ἔστί.
1647 1312 1739 1377 Cf.
1783 1314 1929 1377 Ant.
1965 1312 2111 1375 318.
2158 1312 2217 1374 τί
2257 1312 2328 1377 δὲ
2373 1312 2704 1395 ῥυθμίζεις
2746 1311 2862 1395 τὴν
2906 1311 3067 1396 ἐμὴν

612 1398 819 1484 λύπην
865 1400 1066 1478 ὅπου;
1131 1400 1201 1465 Ο.
1237 1401 1301 1466 C.
1355 1402 1542 1465 1217.
1612 1401 1684 1464 τὰ
1740 1402 2045 1484 τέρποντα
2102 1400 2160 1465 δ’
2207 1402 2327 1465 οῦκ
2383 1403 2463 1465 ἂν
2519 1402 2677 1473 ἴδοις
2733 1401 2917 1465 ὅπου.
2967 1402 3063 1485 Aj.

614 1491 717 1554 33.
768 1491 911 1554 103.
975 1489 1014 1573 ἦ
1062 1491 1497 1573 τοῦπίτριπτον
1559 1491 1820 1562 κίναδος
1883 1491 2117 1574 ἐξήρου
2159 1490 2231 1574 μ’
2278 1491 2481 1565 ὅπου,·
2545 1491 2692 1554 890.
2749 1490 3067 1574 ἀμενηνὸν

611 1579 816 1661 ἀνδρα
861 1579 952 1662 μὴ
1001 1580 1277 1651 λεύσσειν
1323 1580 1508 1645 ὅπου.
1572 1579 1723 1644 Eur.
1770 1580 1962 1664 Hipp.
2013 1581 2159 1644 585.
2205 1579 2371 1663 ἀχὰν
2413 1579 2533 1662 μὲν
2577 1579 2781 1652 κλύω,
2839 1584 3066 1663 σαφῶς

613 1667 674 1731 δ’
720 1669 840 1732 οῧκ
887 1669 1017 1752 ἔχω
1066 1670 1362 1752 γεγώνειν
1408 1668 1553 1733 ὅπα.
1631 1668 1938 1735 Similiter
1984 1670 2081 1753 Aj.
2133 1671 2275 1733 118.
2322 1669 2508 1753 δρᾷς,
2555 1668 2898 1742 Ὀδυσσεῦ,
2953 1669 3068 1751 τὴν

611 1758 788 1822 θεῶν
851 1757 1034 1841 ἰσχὺν
1094 1758 1231 1844 ὅση.
1296 1758 1591 1823 Menand.
1641 1758 1798 1839 533,
1848 1760 1902 1822 5.
1969 1758 2353 1842 ἀριθμοῦσίν
2425 1781 2488 1823 τε
2550 1757 2698 1829 τοὺς
2760 1759 3067 1829 πάππους

611 1847 767 1911 ὅσοι.
815 1848 1004 1912 Arist.
1052 1847 1146 1912 Pl.
1197 1850 1343 1912 974.
1390 1849 1631 1913 οὔκουν
1676 1848 1835 1931 ἐρεῖς
1881 1848 2165 1912 ἀνύσασα
2210 1847 2321 1913 τὸν
2364 1846 2632 1931 κνισμὸν
2676 1848 2807 1911 τίνα
2819 1872 2841 1924 ,·

794 1954 937 2019 929.
984 1954 1175 2040 ἡδὺς]
1223 1953 1608 2039 Pl'easant‚
1653 1957 1729 2019 in
1777 1955 1969 2041 good
2018 1956 2351 2020 humour.
2429 1953 2518 2020 Cf.
2569 1956 2673 2019 82.

793 2045 938 2109 930.
983 2044 1289 2128 παντελὴς
1323 2045 1572 2129 δάμαρ]
1620 2043 1726 2110 Sic
1756 2046 2125 2129 παμμήτωρ
2156 2045 2306 2109 Ant.
2331 2044 2518 2109 1282.
2567 2043 2658 2109 Cf.
2693 2046 2842 2109 Ant.
2873 2045 3063 2110 1163.

608 2134 880 2217 παντελῆ
922 2135 1296 2218 μοναρχίαν.
1356 2135 1544 2199 1016.
1592 2135 1854 2218 ἐσχάραι
1898 2159 1962 2198 τε
2006 2134 2322 2205 παντελεῖς
2369 2134 2437 2215 (i.
2485 2154 2537 2199 e.
2584 2136 2819 2215 πᾶσαι).
2886 2132 2956 2198 O.
2987 2133 3061 2198 R.

613 2224 758 2288 669.
814 2224 1136 2296 παντελῶς
1184 2225 1573 2309 (entirely,
1628 2224 1969 2306 utterly).
2018 2222 2115 2287 Fr.
2166 2224 2311 2287 572.
2357 2222 2636 2305 Hesych.
2685 2223 3064 2307 τελεσφόρος

613 2306 814 2384 οἴκοςε
871 2319 982 2378 τοῦ
1038 2313 1474 2397 γεγαμηκότος
1527 2313 1636 2377 καὶ
1688 2315 2133 2384 τεκνώσαντος.
2184 2313 2258 2375 V.
2307 2311 2531 2377 Blomf.
2581 2311 2677 2399 Gl.
2725 2311 2876 2377 Cho.
2917 2312 3063 2376 651.

791 2402 935 2464 931.
984 2401 1226 2487 αὕτως]
1275 2402 1362 2467 Cf.
1398 2403 1545 2467 Ant.
1571 2403 1715 2467 715.
1749 2403 1959 2473 αὕτως
1993 2402 2061 2466 δὲ
2094 2401 2246 2472 ναὸς
2275 2402 2441 2472 ὅστις
2471 2400 2781 2485 ἐγκρατὴς
2810 2402 2936 2465 κτλ.
2960 2402 3060 2465 85.

792 2509 935 2572 935.
985 2509 1074 2572 Of.
1123 2508 1309 2594 Soph.
1359 2508 1429 2573 O.
1464 2508 1530 2572 C.
1575 2510 1721 2573 893.
1789 2508 1861 2572 τὰ
1917 2515 2067 2573 ποῖα
2124 2514 2349 2587 ταῦτα,·
2413 2510 2607 2574 Arist.
2654 2507 2823 2572 Nub.
2872 2509 3063 2573 1270.

610 2595 684 2664 τὰ
710 2603 882 2662 ’ποῖα
928 2604 1117 2665 ταῦτα
1165 2598 1453 2684 χρήμαθ’
1465 2624 1486 2674 ,·

791 2706 937 2769 936.
986 2703 1075 2769 Of.
1132 2705 1211 2770 ad
1258 2705 1423 2769 Phil.
1460 2707 1649 2771 1314.
1695 2707 1922 2772 Aeseh.
1970 2709 2089 2791 Ag.
2127 2708 2313 2774 1394.
2362 2707 2455 2778 ὡς
2500 2703 2621 2772 ὧδ’
2668 2707 2944 2790 ἑχόντων
2977 2744 3060 2752 -

611 2793 871 2877 χαίροιτ’
917 2796 1014 2866 ἃν,
1061 2797 1118 2860 εἰ
1157 2794 1438 2879 χαίροιτ’,
1484 2795 1614 2877 ἐγὼ
1663 2795 1719 2859 δ’
1768 2797 2131 2880 ἐπεύχομαι.
2186 2797 2372 2860 1049.
2418 2796 2649 2860 πείθοι’
2687 2797 2785 2869 ἂν,
2833 2796 2891 2860 εἰ
2928 2795 3064 2861 πεί-ὸ

610 2883 772 2948 θοι”
832 2884 1166 2969 ἀπειθοίης
1229 2884 1287 2950 δ’
1344 2886 1513 2956 ἴσως.
1579 2883 1728 2950 cho.
1783 2885 1925 2950 103.
1991 2885 2194 2968 λέγοις
2256 2887 2353 2959 ἂν,
2428 2886 2491 2948 εἴ
2542 2909 2594 2948 τι
2658 2884 2847 2949 τῶνδ’
2896 2885 3064 2969 ἔχοις

612 2974 973 3057 ὑπέρτερον.
1020 2973 1204 3038 Eum.
1240 2975 1388 3039 398.
1431 2974 1709 3057 μάθοιμ’
1741 2977 1837 3048 ἂν,
1885 2976 1944 3039 εἰ
1978 2975 2148 3058 λέγοι
2178 2998 2267 3046 τις
2298 2977 2557 3058 ἐμφανῆ
2587 2972 2795 3056 λόγον.
2842 2972 3063 3059 Suppl.

614 3063 758 3127 903.
805 3063 1023 3134 κλάοις
1066 3066 1165 3137 ἂν,
1211 3065 1269 3129 εἰ
1307 3064 1631 3147 ψαύσειας.

791 3171 936 3234 937.
986 3168 1074 3233 Of.
1123 3169 1194 3236 Ο.
1228 3169 1292 3235 C.
1345 3172 1488 3235 927.
1547 3173 1788 3236 οὔκουν
1833 3173 2022 3254 ἔγωγ’
2069 3175 2148 3235 ἂν
2198 3210 2279 3219 -—-
2328 3170 2476 3236 οὔθ’
2532 3171 2739 3236 εἷλκον
2796 3171 2926 3235 οὔτ’
2983 3173 3064 3234 ἂν

610 3258 787 3343 ἦγον,
836 3258 968 3324 ἀλλ’
1017 3261 1379 3343 ἠπιστάμην
1419 3264 1526 3341 (so.
1574 3263 1675 3341 ἂν)
1722 3261 1849 3325 κτλ.
1908 3260 2063 3326 ΡΙαῐ.
2110 3261 2259 3344 Lys.
2293 3262 2440 3326 208.
2490 3262 2612 3326 κᾶν
2643 3297 2725 3307 —-
2761 3261 2920 3343 ἕῷεν
2965 3262 3058 3323 ἂν.

608 3347 833 3422 πόθεν,
899 3348 938 3432 ἦ
1006 3348 1064 3414 δ’
1110 3351 1207 3423 ὃς,
1274 3350 1466 3433 &eff-ev:
1531 3350 1679 3414 Eur.
1727 3350 1869 3415 Hel.
1920 3350 2064 3413 766.
2129 3352 2187 3413 τί
2243 3374 2343 3415 σοι
2406 3349 2643 3433 λέγοιμ’
2698 3352 2779 3413 ἂν
2832 3349 2943 3421 τὰς
2995 3350 3063 3413 ἒν

609 3438 859 3520 Αἰγαίῳ
905 3433 1165 3521 φθορὰς
1211 3464 1331 3514 -,·
1385 3441 1464 3504 οὗ
1511 3439 1632 3522 γὰρ
1687 3440 2078 3523 ἐμπλήσαιμί
2117 3441 2219 3522 (ἂν
2264 3440 2638 3523 πλήσαιμίῗ)
2685 3463 2757 3504 σε
2793 3439 2803 3523 Ι
2842 3440 3060 3522 μύθῳ.

608 3525 777 3592 Xen.
825 3525 970 3609 Oyr.
1017 3526 1093 3592 V.
1147 3529 1200 3592 1.
1235 3530 1337 3593 20.
1385 3526 1455 3592 εὖ
1502 3529 1631 3593 ἴσθι
1678 3529 1769 3592 ὅτι
1806 3535 1989 3593 τοῦτο
2034 3529 2448 3612 αἰσχυνοίμην
2493 3531 2572 3592 ἂν
2618 3530 2835 3594 εἰπεῖν’
2882 3529 3060 3612 νομί-

609 3617 780 3700 ζοιμι
828 3616 948 3699 γὰρ
995 3617 1147 3699 (γὰρ
1194 3619 1336 3698 ἃνΡ)
1384 3618 1657 3702 ἐμαυτὸν
1703 3618 1972 3682 ἐοικέναι
2016 3617 2251 3700 λέγοντι
2296 3618 2423 3681 κτλ.
2479 3618 2683 3683 Anab.
2714 3617 2826 3682 IV.
2867 3617 2924 3681 6.
2963 3619 3059 3682 13.

608 3706 859 3787 μένοιεν
899 3704 1020 3788 γὰρ
1068 3705 1212 3789 (γὰρ
1243 3707 1387 3788 ἃνΡ)
1434 3708 1629 3772 αὐτοῦ
1674 3706 1918 3790 μᾶλλον
1955 3707 2189 3790 ἀθρόοι
2220 3708 2283 3772 οῖ
2308 3707 2614 3789 πολέμιοι.
2662 3706 2819 3772 Plat.
2852 3706 3060 3772 Parm.

615 3796 758 3859 138.
804 3795 912 3858 καὶ
964 3796 1095 3879 μὴν
1147 3797 1448 3861 τοσοῦτόν
1503 3820 1572 3878 γε
1627 3799 1702 3861 ὂν
1758 3797 2052 3880 οὐδαμοῦ
2108 3798 2188 3860 ἂν
2232 3798 2353 3879 εἴη·
2411 3797 2553 3860 οὔτε
2609 3794 2730 3879 γὰρ
2775 3796 2844 3860 ἐν
2889 3796 3061 3878 ἄλλῳ

611 3885 755 3948 οὔτε
800 3885 867 3947 ἐν
912 3885 1122 3967 ἑαυτῷ
1152 3885 1243 3969 εἴη
1276 3887 1379 3967 (ἂν
1410 3886 1585 3969 εἴηΡ).
1639 3887 1784 3949 145.
1829 3885 1936 3950 καὶ
1966 3885 2171 3969 ἀρχὴν
2203 3885 2282 3970 δὴ
2318 3923 2400 3933 --
2435 3886 2568 3968 ἔχοι
2613 3887 2693 3949 ἂν
2738 3884 2808 3950 τὸ
2855 3886 3058 3960 31¹:-

610 3975 759 4057 ἔχοι.
813 3972 952 4037 147.
1003 3974 1128 4058 ἤδη
1176 3976 1256 4039 ἂν
1287 3974 1586 4058 ἐκφεύγοι
1616 3975 1689 4039 τὰ
1720 3973 1812 4057 μὴ
1846 3975 2023 4057 ἕτερα
2070 3974 2226 4039 εἶναι
2271 3975 2593 4058 ἀλλήλων,·
2630 4012 2709 4021 -
2743 3974 3060 4058 ἐκφεύγοι.

668 4066 840 4174 ςπῶς
887 4061 944 4127 δ’
993 4063 1114 4173 ούκ
1159 4062 1301 4148 ἄη]
1369 4062 1458 4127 Cf.
1506 4064 1602 4129 El.
1655 4064 1848 4128 1307.
1910 4063 2043 4128 ἀλλ’
2110 4063 2299 4129 οἶσθα
2362 4063 2482 4146 μὲν
2526 4064 2855 4136 τάνθένδε,
2920 4068 3063 4135 πῶς

608 4151 1848 4326 {233ss&elffvssssffeysssssafsszssgffav
1893 4153 2179 4325 fflffi
2180 4154 2464 4326 Ξῗχαᾏτῗ
2466 4176 2600 4306 ’ῗέ
2596 4152 2650 4306 1¹.
2697 4151 3063 4326 ξῖιᾷξίἷῗὲ

608 4331 749 4416 (leg.
784 4331 1185 4415 ξυνασχαλεῖ)
1215 4338 1457 4404 κακοῖς.
1506 4333 1654 4397 303.
1694 4333 2111 4415 ξυνασχαλῶν
2140 4333 2297 4414 (fut.)
2327 4336 2567 4403 κακοῖς.
2615 4330 2766 4396 Eur.
2788 4330 2891 4396 Or.
2916 4332 3060 4396 785.

608 4421 890 4485 θάνατον
935 4421 1269 4504 ἀσχάλλων
1315 4417 1636 4504 (ἀσχάλων
1682 4421 1784 4499 al.)
1828 4429 2148 4504 πατρῷον.
2200 4420 2433 4487 Herod.
2478 4420 2595 4486 III.
2649 4422 2790 4485 152.
2847 4421 2885 4484 ὁ
2932 4418 3059 4484 Δα-

610 4514 778 4592 ρεῖος
843 4511 1111 4596 ἤσχαλλε
1175 4510 1281 4594 (al.
1329 4511 1612 4596 ἤσχαλε).
1686 4505 1805 4576 ΙΧ.
1858 4511 2000 4574 117.
2065 4510 2380 4596 ἤσχαλλον
2437 4547 2518 4557 --
2578 4511 2657 4577 οὗ
2721 4510 3061 4596 δυνάμενοι
