3463 5287
691 290 825 355 494
1810 286 2015 375 [mx]

870 470 1017 533 363.
1062 469 1133 533 τὸ
1177 475 1361 552 πῆμα
1408 474 1517 552 τῆς
1561 467 1737 553 ἄτης]
1795 466 1884 532 Cf.
1931 467 2048 532 Ph.
2101 467 2245 531 765.
2292 465 2365 530 τὸ
2408 473 2595 551 πῆμα
2644 503 2729 513 -
2772 472 2891 549 τῆς
2950 465 3191 530 νόσου.

690 558 921 624 Aesch.
968 558 1088 643 Ag.
1137 558 1285 622 850.

873 648 1018 711 369.
1067 648 1186 712 οὐκ
1234 647 1467 732 ἐκτός,·]
1516 646 1623 712 Sic
1667 647 1766 711 El.
1817 648 2005 711 1430.
2054 647 2175 711 οὐκ
2221 647 2551 729 ἄψορρον,·

873 738 1019 801 372.
1065 734 1124 801 ὦ
1169 736 1334 820 πρὸς
1378 738 1556 801 θεῶν
1609 736 1860 822 ὕπεικε]
1926 733 2013 799 Cf.
2062 735 2133 801 Ο.
2165 734 2237 800 R.
2287 736 2434 800 646.
2490 734 2549 800 ὦ
2602 735 2768 819 πρὸς
2820 735 3038 799 θεῶν
3088 736 3195 798 πί-

690 850 951 892 στευσον
997 864 1080 872 -
1113 826 1277 890 τάδε.
1329 827 1518 890 1037.
1564 823 1624 890 ὦ
1668 824 1834 909 πρὸς
1877 825 2054 890 θεῶν
2098 861 2188 872 —
2233 826 2501 908 φράσον.

873 916 1019 981 386.
1064 916 1269 1000 μηδὲν
1329 915 1473 999 μέγ’
1521 916 1722 1001 εὔτῃς]
1791 914 1883 979 Cf.
1931 916 2077 978 423.
2131 916 2319 978 1122.
2386 914 2479 978 El.
2527 915 2676 978 830.
2738 914 2967 998 μηδὲν
3041 914 3199 997 μέγ’

693 1004 909 1089 ἀΰσῃς.
974 1005 1073 1070 Fr.
1122 1006 1269 1069 601.
1332 1005 1587 1070 Theocr.
1639 1006 1740 1084 10,
1789 1005 1891 1067 20.
1945 1003 2150 1088 μηδὲν
2200 1005 2366 1089 μέγα
2418 1004 2652 1087 μυθεῦ.
2710 1004 2866 1069 Plat.
2926 1003 3198 1069 Phaed.

696 1098 778 1159 95
811 1096 884 1159 Β.
929 1094 1022 1179 μὴ
1068 1096 1232 1178 μέγα
1278 1095 1434 1177 λέγε.

875 1203 1020 1266 395.
1067 1201 1163 1273 ὡς
1208 1200 1374 1286 ἐμοὶ]
1432 1201 1523 1267 Cf.
1580 1202 1659 1267 ad
1707 1203 1856 1267 Ant.
1909 1201 2097 1266 1161.
2167 1202 2354 1266 1282.
2421 1200 2491 1266 Ο.
2526 1200 2593 1266 C.
2645 1202 2746 1265 76.
2812 1200 2992 1265 Eur.
3048 1201 3194 1265 Ion.

705 1292 893 1356 1539.
939 1291 1011 1355 τὸ
1058 1293 1239 1374 γένος
1284 1291 1473 1356 οὐδὲν
1516 1290 1807 1375 μεμπτὸν
1852 1290 1946 1363 ὡς
1991 1292 2142 1375 ἡμῖν
2186 1292 2348 1355 τόδε.

874 1382 1004 1445 398
1023 1399 1114 1463 sq.
1163 1381 1253 1446 Cf.
1302 1380 1373 1446 Ο.
1406 1379 1471 1445 C.
1520 1382 1667 1445 828.
1713 1381 1904 1445 ποίαν
1949 1380 2129 1464 λάβω
2175 1382 2354 1445 θεῶν
2399 1381 2622 1464 ἄρηξιν
2667 1383 2707 1465 ἢ
2753 1383 3084 1464 βροτῶν,-

872 1472 1022 1535 429.
1067 1476 1293 1541 κακοῖς
1325 1507 1407 1517 -
1441 1468 1985 1554 συμπεπτωκότα]
2042 1467 2129 1533 Of.
2177 1467 2248 1533 Ο.
2281 1469 2353 1534 R.
2415 1472 2558 1534 113.
2603 1471 2770 1553 τῷδε
2816 1473 3193 1553 συμπίπτει

694 1559 899 1645 φόνῳ.
953 1559 1051 1623 Tr.
1100 1560 1247 1623 880.
1293 1560 1525 1625 Aesch.
1571 1560 1758 1624 Eum.
1808 1561 1953 1623 322.
2018 1560 2276 1623 θνατῶν
2329 1565 2522 1624 τοῖσιν
2575 1561 2959 1643 αὐτουργίαι
3017 1563 3192 1642 ξυμ-

693 1650 972 1714 πέσωσιν
1015 1649 1286 1733 μάταιοι.
1350 1651 1469 1732 Ag.
1523 1650 1666 1713 188.
1731 1649 2023 1732 ἐμπαίοις
2084 1649 2325 1732 τύχαισι
2387 1649 2748 1732 συμπεσών.
2818 1648 2989 1712 Eur.
3046 1649 3190 1731 Iph.

691 1738 757 1802 Τ.
808 1739 998 1803 1393.
1044 1744 1201 1810 ναῦς
1248 1775 1330 1784 -
1376 1739 1601 1823 λάβρῳ
1645 1738 1927 1803 κλύδωνι
1973 1744 2387 1822 συμπεσοῦσα
2444 1739 2765 1823 (having
2819 1757 3193 1803 encoun·

695 1828 954 1906 tered)

871 1937 1019 1999 435.
1066 1935 1141 1999 τὰ
1187 1936 1436 2021 πρῶτα]
1486 1936 1574 2002 Cf.
1627 1937 1815 2001 1300.
1864 1934 1935 2000 Ο.
1969 1934 2032 1999 C.
2086 1932 2272 2000 1313.
2328 1941 2596 2018 στρατοῦ
2640 1934 2715 1998 τὰ
2762 1935 2989 2019 πρῶτ’
3043 1935 3186 2016 ἄρι-

697 2026 973 2096 στεύσας.
1108 2025 1476 2110 καλλιστεῖ’]
1527 2024 1643 2102 Qu.
1689 2025 2012 2109 κάριστεῖ’.

766 2139 769 2143 ’
878 2116 1027 2178 451.
1075 2115 1498 2202 ἐπεντείνοντ’]
1549 2116 1642 2180 Cf.
1689 2118 1841 2179 Ant.
1892 2116 2081 2179 1235.
2128 2115 2502 2186 ἐπενταθείς.

874 2205 1022 2268 455.
1069 2206 1128 2269 εἰ
1169 2204 1241 2269 δέ
1291 2229 1380 2277 τις
1423 2205 1603 2270 θεῶν
1656 2202 1953 2289 βλάπτοι]
2011 2201 2098 2267 Cf.
2145 2204 2242 2268 El.
2291 2205 2437 2269 696.
2502 2205 2653 2269 ὅταν
2708 2205 2782 2269 δέ
2834 2228 2933 2276 τις
2994 2205 3177 2268 θεῶν

876 2384 1026 2449 459.
1071 2383 1180 2448 καὶ
1223 2384 1408 2449 πεδία
1454 2384 1626 2469 τάδε]
1676 2382 1767 2447 Cf.
1816 2382 1887 2448 Ο.
1919 2380 1992 2446 R.
2044 2384 2187 2447 719.
2235 2385 2321 2456 εἷς
2365 2385 2604 2467 ἄβατον
2650 2385 2821 2467 ὅρος.
2903 2384 3017 2450 De
3066 2383 3169 2447 tri·

695 2473 927 2538 brucho
974 2474 1068 2538 sic
1110 2475 1317 2558 posito
1365 2475 1439 2538 cf.
1489 2472 1559 2538 Ο.
1590 2474 1662 2538 R.
1714 2474 1859 2537 719.
1912 2473 2100 2537 1496.

875 2582 1022 2645 478.
1071 2579 1159 2645 Cf.
1207 2579 1358 2646 Eur.
1406 2580 1500 2645 ΕΙ.
1548 2582 1696 2646 401.
1743 2588 1916 2666 χαρᾷ
1958 2581 2487 2666 θερμαινόμεσθα
2533 2581 2819 2665 καρδίαν.

875 2672 1021 2735 488.
1069 2672 1409 2742 σθένοντος
1453 2672 1522 2736 ἐν
1565 2672 1776 2757 πόλει]
1826 2673 1914 2737 Cf.
1964 2669 2035 2736 Ο.
2075 2669 2139 2735 O.
2187 2673 2335 2736 456.
2391 2674 2455 2736 εἴ
2496 2697 2583 2744 τις
2627 2672 2817 2742 ἄλλος
2861 2672 2938 2735 ἐν
2987 2670 3164 2734 πόλει

697 2760 921 2824 σθένει.
998 2759 1097 2826 De
1143 2762 1616 2828 constructione
1671 2762 1746 2826 cf.
1793 2762 1988 2827 Arist.
2039 2761 2131 2825 Pl.
2181 2762 2326 2825 655.
2373 2768 2488 2826 νῦν
2544 2761 2622 2836 δ’,
2678 2764 2744 2825 εἴ
2783 2760 2896 2824 τιν’
2950 2761 3157 2830 ἄλλον,

693 2849 1015 2934 μακάριον
1060 2850 1466 2933 κεύδαίμονα.

875 2941 1026 3004 492.
1072 2940 1237 3024 πρός
1280 2938 1333 3004 τ’
1381 2940 1490 3026 -]
1538 2940 1629 3005 Cf.
1677 2940 1756 3004 ad
1806 2938 1876 3004 Ο.
1907 2940 1980 3005 R.
2031 2942 2176 3004 253.

876 3031 1023 3094 494.
1069 3031 1253 3113 βάξιν
1299 3029 1586 3114 ἀλγεινὴν
1630 3030 1866 3114 λαβεῖν]
1916 3030 2005 3095 Cf.
2037 3027 2132 3092 El.
2171 3031 2357 3094 1006.
2403 3031 2587 3114 βάξιν
2622 3030 2826 3115 καλὴν
2870 3029 3155 3114 λαβόντε.

697 3118 768 3183 Ο.
808 3118 881 3183 R.
931 3120 1077 3182 519.
1124 3120 1380 3203 φέροντι
1423 3119 1609 3203 τήνδε
1652 3120 1853 3202 βάξιν.
1900 3121 1999 3202 Aj.
2053 3120 2196 3183 193.

876 3227 1022 3290 510.
1068 3228 1215 3298 νέας
1257 3227 1525 3312 τροφῆς]
1572 3227 1663 3292 Cf.
1712 3225 1784 3291 Ο.
1818 3226 1884 3291 C.
1934 3227 2079 3290 345.

877 3317 1024 3380 512.
1073 3316 1496 3401 ὀρφανιστῶν]
1543 3316 1919 3381 Tutorum.
1996 3317 2266 3400 Anglioe
2313 3318 2739 3401 guardians.

877 3405 1024 3469 520.
1071 3407 1205 3489 ἴσχε
1252 3443 1331 3453 -
1380 3406 1662 3491 μνῆστιν]
1711 3405 1801 3470 Cf.
1851 3404 1922 3470 Ο.
1956 3405 2022 3470 C.
2072 3408 2217 3470 584.
2263 3406 2472 3491 λῆστιν
2517 3409 2721 3491 ἴσχεις.

877 3494 1024 3558 534.
1073 3493 1163 3559 Cf.
1211 3494 1365 3560 Eur.
1399 3497 1535 3561 Alc.
1572 3495 1717 3559 510.
1749 3494 1858 3559 καὶ
1887 3495 2069 3560 τόνδε
2097 3496 2340 3579 τούμοῦ
2374 3496 2676 3580 δαίμονος
2705 3496 2910 3560 πόνον
2942 3495 3143 3576 λέγεις

877 3586 1024 3648 538.
1073 3584 1187 3655 δός
1230 3609 1341 3667 μοι
1386 3589 1747 3668 προσειπεῖν
1793 3583 2008 3669 αὐτὸν]
2075 3584 2166 3649 Cf.
2212 3585 2408 3650 Arist.
2455 3587 2611 3650 Ach.
2661 3587 2808 3650 882.
2873 3586 2993 3656 δός
3043 3602 3143 3664 μοι

697 3679 1074 3757 προσειπεῖν,
1122 3674 1181 3737 εἰ
1220 3677 1457 3758 φέρεις,
1503 3674 1613 3745 τὰς
1658 3674 1942 3757 ἐγχέλεις.

878 3763 1023 3826 540.
1068 3763 1276 3846 μέλλει
1319 3764 1411 3847 μὴ
1461 3765 1538 3828 οὔ
1583 3764 1942 3846 παρουσίαν
1972 3763 2157 3849 ἔχειν]
2190 3763 2404 3829 Verbo
2434 3765 2679 3848 μέλλειν
2711 3765 2921 3830 inesse
2961 3779 3138 3845 nega-

699 3852 940 3917 tionem
985 3854 1239 3917 monuit
1281 3851 1472 3917 Dind.
1548 3852 1721 3917 Hinc
1768 3852 1992 3918 ambae
2037 3853 2380 3933 particulae
2423 3854 2515 3938 μὴ
2564 3855 2661 3918 οὗ.

879 3960 1025 4024 549.
1073 3959 1563 4045 ἐξομοιοῦσθαι]
1613 3960 1775 4025 Cum
1821 3961 2159 4044 ἐξομοιοῦν
2205 3962 2424 4027 confer
2467 3962 2732 4037 ἐξισοῦν.
3306 3951 3307 4024 l

879 4050 1025 4114 554.
1074 4051 1141 4114 ἐν
1184 4058 1278 4134 τῷ
1331 4057 1589 4135 φρονεῖν
1645 4049 1767 4133 γὰρ
1816 4050 1932 4135 -]
1997 4048 2085 4114 Cf.
2132 4050 2283 4114 Eur.
2329 4049 2466 4135 Iph.
2514 4053 2592 4115 A.
2641 4052 2786 4116 586.
2853 4053 3029 4135 ζηλῶ
3077 4066 3136 4107 σε

697 4139 940 4223 μᾶλλον
985 4142 1025 4224 ἢ
1077 4139 1178 4224 ’μὲ
1221 4146 1335 4204 τοῦ
1379 4140 1584 4223 μηδὲν
1629 4145 1907 4224 φρονεῖν.

880 4229 1026 4293 564.
1072 4228 1390 4315 τηλωπὸς]
1439 4229 1530 4294 Cf.
1577 4228 1690 4293 Ph.
1739 4230 1886 4294 216.
1932 4228 2229 4313 τηλωπόν
2273 4231 2435 4295 ῑωάν
2479 4231 2767 4314 (ιύγήνΡ).

882 4319 1027 4383 565.
1075 4319 1319 4391 ἐνάλιος
1361 4318 1546 4403 λεώς]
1595 4316 1682 4383 Cf.
1726 4319 1954 4382 Aesch.
1987 4319 2153 4403 Sept.
2187 4320 2290 4384 80.
2337 4319 2498 4392 λεὼς
2530 4358 2614 4367 -—
2646 4320 2931 4390 ἱππότας.
2975 4316 3124 4382 Pers

706 4409 848 4471 125.
894 4409 1246 4493 ἱππηλάτας
1293 4446 1375 4459 —-
1422 4408 1599 4479 λεώς.
1650 4409 1796 4472 375.
1843 4408 2135 4473 ναυτικὸν
2180 4409 2357 4474 λεών.
