3463 5287
1416 456 1667 502 ommpos
1711 457 1835 501 mex
2722 436 2845 500 301

580 617 723 679 318.
774 614 1075 699 διώλεσα]
1125 615 1335 680 Have
1380 615 1489 680 let
1534 616 1709 700 slip,
1777 616 1965 680 have
2022 615 2428 696 forgotton.
2506 614 2554 678 Ι.
2604 634 2659 697 q.
2710 616 2849 679 ἕπε-

401 706 707 788 λαθόμην.
796 704 900 768 810
968 705 1355 787 διαφθείρειν
1428 704 1772 787 aliquando
1847 705 2212 768 oblivisci
2285 704 2627 787 significat,
2699 704 2850 767 Eur.

397 795 586 878 Hipp.
638 794 782 858 391.
863 794 968 858 Sic
1014 794 1203 858 etiam
1236 796 1462 869 σώζειν
1494 795 1860 874 (σώζεσθαι)
1893 794 2287 859 recordari
2318 792 2659 876 significat,
2692 792 2761 856 Ο.
2784 793 2850 858 C.

399 885 591 947 1530.
640 883 738 947 Tr.
789 885 934 946 682.
982 881 1133 946 Eur.
1181 882 1323 948 Hel.
1373 884 1519 946 266.
1567 884 1724 947 Plat.
1769 883 1918 947 crit.
1951 903 2007 966 p.
2045 884 2188 947 172.
2326 884 2404 947 οὐ
2452 882 2574 965 γὰρ
2620 885 2699 946 ἂν
2735 883 2850 967 -]

578 1062 705 1125 320
738 1082 828 1145 sq.
877 1061 968 1126 Cf.
1019 1059 1167 1125 Eur.
1216 1062 1454 1127 Phoen.
1504 1063 1633 1126 894
1666 1082 1758 1145 sq.
1922 1062 1994 1125 τὸ
2041 1062 2156 1126 σόν
2199 1085 2264 1126 τε
2309 1061 2420 1146 σὺ]
2469 1062 2518 1126 Ι.
2566 1082 2618 1127 0.
2666 1062 2744 1125 σύ
2790 1086 2854 1125 τε

395 1151 465 1215 τὸ
512 1150 627 1215 σὸν
671 1151 979 1233 (διοίσεις).

578 1243 725 1304 321.
775 1239 1025 1325 διοίσω]
1093 1239 1185 1304 Cf.
1243 1240 1393 1303 Eur.
1451 1240 1643 1326 Hipp.
1696 1241 1884 1304 1148.
1962 1241 2230 1323 δάκρυσι
2305 1240 2524 1304 διοίσω
2587 1241 2851 1322 πότμον.

401 1329 542 1394 Ηο1.
592 1331 738 1393 253.
794 1331 1125 1412 συμφέρον
1182 1330 1253 1393 δέ
1297 1353 1397 1394 σοι
1437 1332 1447 1413 Ι
1487 1331 1580 1402 ὡς
1625 1331 1825 1414 ῥᾷστα
1879 1330 2226 1412 τάναγκαῖα
2273 1336 2385 1394 τοῦ
2429 1331 2575 1413 βίου
2622 1331 2852 1413 φέρειν.

580 1438 725 1500 324.
772 1437 924 1501 οὐδὲ
970 1435 1100 1520 σοὶ]
1151 1437 1328 1501 Also
1375 1441 1508 1501 not
1553 1445 1625 1501 to
1672 1458 1840 1520 you.

581 1528 726 1589 325.
772 1526 936 1608 πρὸς
980 1525 1228 1609 καιρόν]
1279 1524 1737 1610 Opportune.
1815 1524 1903 1590 Cf.
1940 1527 2037 1590 Tr.
2074 1528 2173 1590 59.
2220 1525 2384 1609 πρὸς
2413 1525 2639 1608 καιρὸν
2686 1527 2853 1589 ἐννέ-

400 1640 555 1679 πειν.
604 1614 715 1679 Ρ11.
770 1617 957 1679 1279.
1004 1615 1168 1698 πρὸς
1214 1615 1440 1698 καιρὸν
1485 1616 1704 1698 λέγων.
1754 1617 1850 1699 Aj.
1902 1617 2003 1680 38.
2081 1616 2187 1680 Sic
2232 1615 2396 1698 πρὸς
2439 1617 2601 1699 βίαν,
2652 1617 2854 1699 χάριν,

401 1706 737 1789 εὐσέβειαν,
802 1705 1059 1788 ἡδονὴν,
1117 1704 1333 1788 ὀργὴν,
1400 1706 1702 1788 ἀνάγκην,
1769 1705 1965 1788 ἰσχὺν,
2039 1706 2241 1788 κόρον
2305 1713 2420 1769 etc.
2601 1705 2694 1775 ὡς
2741 1703 2857 1769 οὗν

399 1795 555 1878 μηδ’
602 1794 731 1877 ἐγὼ
779 1793 897 1879 —]
947 1795 1038 1859 Cf.
1087 1796 1235 1857 Ant.
1285 1796 1432 1857 215.
1487 1795 1580 1865 ὡς
1635 1793 1752 1858 οὗν
1798 1795 2029 1859 σκοποὶ
2092 1801 2207 1858 νῦν
2259 1793 2367 1878 ᾖτε
2420 1799 2549 1859 τῶν
2604 1795 2853 1877 εἰρημέ-

401 1908 533 1949 νων
566 1920 677 1947 —.
726 1883 845 1963 (Ita
890 1885 1060 1947 onim
1107 1885 1226 1949 iste
1283 1884 1460 1948 locus
1515 1884 1826 1968 legendus
1870 1885 2164 1965 videtur.)
2299 1883 2456 1966 μηδ’
2503 1882 2664 1967 ἐγὼ]
2714 1883 2760 1946 Ι.
2797 1902 2853 1965 q.

399 1974 490 2057 μὴ
538 1973 646 2037 καὶ
691 1973 835 2056 ἐγώ.
916 1973 1004 2037 Cf.
1057 1974 1243 2037 1409.

583 2081 729 2143 326.
776 2086 1042 2163 φρονῶν
1089 2080 1170 2165 γ’]
1219 2080 1292 2144 If
1330 2086 1404 2145 at
1449 2081 1643 2146 least
1685 2100 1836 2162 you
1883 2100 2005 2145 aro
2052 2082 2249 2145 wiso.

583 2170 729 2233 328.
777 2171 1002 2240 πάντες
1048 2169 1170 2253 γὰρ
1219 2169 1335 2254 -J
1394 2169 1922 2234 Subaudiendum
1979 2171 2388 2253 προσκυνεῒτέ
2439 2194 2522 2252 με
2576 2171 2856 2252 ἱκτήριοι.

492 2259 621 2341 ἐγὼ
670 2259 729 2322 δ’
778 2258 896 2344 -]
963 2257 1170 2323 801101.
1225 2279 1349 2325 reo.
1425 2260 1503 2323 οὗ
1565 2260 1656 2342 μή
1721 2283 1876 2323 ποτε
1931 2261 2090 2323 εἴπω
2145 2258 2220 2322 τὰ
2275 2259 2426 2341 ἐμὰ,
2492 2260 2692 2341 ἤγουν
2746 2258 2858 2341 τὴν

405 2348 564 2431 ἐμὴν
608 2349 923 2431 μαντείαν,
989 2348 1082 2419 ὡς
1137 2351 1217 2412 ἂν
1270 2349 1360 2432 μὴ
1412 2350 1703 2432 ἑκφήνω,
1769 2350 1971 2431 ἤγουν
2016 2347 2264 2432 φανερὰ
2311 2350 2592 2430 ποιήσω,
2655 2347 2729 2411 τὰ
2777 2347 2857 2411 σὰ

404 2439 592 2501 κακά.
729 2439 806 2501 οὗ
851 2439 942 2520 μή
990 2461 1143 2502 ποτε
1189 2476 1272 2485 -
1321 2437 1513 2523 εἴπω]
1564 2437 1652 2502 Cf.
1699 2439 1895 2502 Arist.
1941 2437 2086 2502 Pac.
2139 2439 2326 2502 1037.
2382 2436 2531 2501 ὥστ’
2580 2437 2722 2521 οὐχὶ
2764 2437 2855 2520 μὴ

403 2529 616 2610 παύσῃ
664 2527 804 2592 ποτ’
852 2529 948 2591 ὢν
994 2527 1275 2610 ζηλωτὸς
1320 2528 1568 2591 ἅπασιν.

585 2636 732 2698 329.
778 2634 851 2698 τὰ
899 2633 988 2719 α’]
1036 2634 1084 2698 Ι.
1119 2653 1170 2699 0.
1216 2633 1289 2698 τὰ
1337 2636 1434 2699 σά.
1493 2633 1581 2699 cf.
1616 2638 1765 2700 405.
1813 2634 1908 2700 El.
1948 2636 2133 2699 1499.
2170 2636 2315 2699 329.
2361 2632 2475 2698 Ph.
2512 2634 2657 2697 339.
2706 2631 2857 2697 Eur.

407 2724 621 2809 Suppl.
655 2727 801 2788 257.
849 2724 999 2788 Eur.
1047 2723 1141 2786 El.
1192 2726 1338 2788 273.
1386 2726 1548 2789 ὥστε
1594 2728 1827 2808 στέγειν
1873 2749 1942 2808 γε
1986 2725 2154 2807 τάμὰ
2201 2726 2308 2788 καὶ
2356 2723 2413 2788 σ’
2460 2726 2579 2806 ἔπη
2627 2723 2859 2794 καλῶς.

405 2813 547 2878 Hel.
597 2816 699 2877 85.
750 2816 894 2877 584.
945 2815 1090 2876 586.
1141 2813 1277 2878 Tro.
1329 2815 1472 2877 918.
1520 2814 1654 2897 Ipb.
1700 2816 1766 2879 Τ.
1820 2816 2005 2878 1005.
2055 2812 2226 2896 Cycl.
2276 2814 2421 2877 230.
2471 2814 2617 2876 267.

585 2904 732 2966 330.
781 2901 1114 2987 ξυνειδὼς]
1165 2901 1368 2967 801101.
1417 2924 1537 2968 reo.
1587 2905 1823 2987 εἴδησιν
1868 2906 2038 2986 ἔχων
2082 2909 2193 2968 τοῦ
2239 2903 2628 2985 πράγματος.

586 2994 734 3056 332.
780 2992 949 3055 ταῦτ’
992 2993 1001 3076 Ι
1041 2990 1161 3076 -]
1231 2992 1318 3056 Of.
1375 2992 1454 3056 ad
1505 2995 1606 3057 29.
1684 2994 2055 3058 Athenaeus
2119 2995 2383 3076 (p.,4,53
2414 2991 2517 3071 Ε.)
2575 2991 2862 3056 elisionis

409 3082 596 3165 hujus
650 3081 1052 3146 insolentiam
1109 3087 1312 3165 notat,
1369 3082 1745 3166 Sophoclem
1802 3081 1868 3145 in
1930 3084 2045 3146 hac
2091 3102 2161 3147 ro
2210 3080 2445 3145 Calliae
2491 3081 2861 3164 exemplum

408 3176 698 3235 secutum
746 3190 885 3235 esse
932 3172 1297 3237 admonens.
1347 3171 1423 3233 V.
1471 3170 1689 3235 Elmsl.
1738 3172 1819 3235 ad
1865 3171 2016 3237 Her.
2066 3173 2212 3235 838.

589 3279 735 3341 333.
783 3278 1022 3363 ἄλλως]
1089 3278 1176 3343 Of.
1229 3280 1416 3341 1151.
1482 3278 1689 3349 ἄλλως
1735 3284 1929 3342 πονεῖ.
1994 3278 2226 3342 Herod.
2278 3278 2351 3339 V.
2400 3279 2503 3340 41.
2559 3278 2863 3359 κομπέειν

408 3367 632 3438 ἄλλως.
767 3368 1008 3432 πύθοιό
1053 3367 1217 3452 μου]
1285 3365 1374 3430 Of.
1421 3370 1616 3433 Arist.
1660 3368 1767 3431 Τ11.
1819 3368 1963 3431 596.
2021 3368 2079 3431 εἶ
2124 3367 2215 3450 μὴ
2269 3366 2627 3449 ’πεπύσμην
2670 3372 2860 3429 ταῦτα

408 3462 538 3520 τῶν
583 3456 737 3539 σάφ’
784 3457 1060 3521 εἰδότων.
1110 3457 1252 3520 Pac.
1287 3459 1434 3521 824.
1483 3457 1575 3527 ὡς
1615 3457 1745 3538 ἐγὼ
1782 3457 2109 3540 ’πυθόμην
2139 3456 2316 3526 τινός.
2366 3456 2600 3520 Herod.
2632 3455 2680 3519 I.
2719 3456 2863 3518 111.

590 3548 735 3609 334.
784 3547 905 3610 οὐκ
954 3584 1034 3592 -
1084 3546 1217 3609 ἀλλ’
1265 3546 1414 3632 -,·]
1464 3546 1553 3611 Cf.
1603 3546 1673 3610 Ο.
1707 3545 1774 3610 C.
1823 3547 1952 3610 804
1985 3565 2076 3631 sq.
2212 3543 2271 3609 ὦ
2316 3550 2542 3609 κακῶν
2586 3543 2862 3629 κάκιστε]

411 3635 498 3699 Cf.
549 3634 620 3699 Ο.
654 3635 719 3699 C.
772 3637 960 3699 1384.
1006 3641 1231 3700 κακῶν
1276 3637 1544 3700 κάκιστε.

592 3726 737 3788 335.
786 3725 1117 3809 ὀργαίνειν]
1165 3726 1652 3790 Intransitivum
1687 3732 1759 3789 ut
1789 3726 1854 3788 in
1886 3725 1982 3788 Tr.
2007 3727 2153 3787 552.
2185 3723 2334 3787 Eur.
2362 3724 2500 3788 Alo.
2525 3724 2714 3787 1106.
2748 3730 2863 3788 eto.

412 3813 515 3877 Sic
579 3814 895 3896 ὁρμαίνω,
963 3815 1291 3897 δειμαίνω,
1365 3815 1756 3898 χαλεπαίνω,
1833 3814 2257 3896 δυσμεναίνω,
2332 3814 2646 3896 κηραίνω,
2712 3813 2864 3895 χαλ-

410 3904 639 3978 καίνω,
685 3904 1025 3986 μωραίνω,
1070 3905 1400 3986 θυμαίνω,
1449 3912 1565 3970 etc.

592 4011 737 4074 336.
785 4010 1108 4096 ἄτεγκτος]
1177 4012 1267 4075 Cf.
1312 4013 1538 4076 Aesch.
1571 4010 1669 4076 Fr.
1704 4011 1853 4075 413.
1904 4011 2198 4093 ἄτεγκτος
2230 4009 2626 4092 (ἄνθρωπος)
2655 4032 2863 4092 παρη-

414 4102 782 4183 γορήμασιν.
850 4101 1073 4164 Aesch.
1126 4101 1332 4164 Prom.
1387 4103 1572 4166 1008.
1637 4103 1834 4183 τέγγει
1900 4100 2021 4182 γὰρ
2078 4101 2266 4164 οὐδὲν
2314 4099 2466 4164 οὐδὲ
2509 4100 2867 4182 μαλθάσσει

411 4191 569 4273 κέαρ
656 4190 664 4273 Ι
705 4190 892 4260 λιταῖς
938 4193 1134 4271 ἐμαῖς.
1182 4188 1332 4253 Eur.
1375 4191 1564 4255 Herc.
1600 4192 1747 4254 833.
1795 4190 1928 4252 ἀλλ’
1975 4189 2076 4262 εἶ’,
2125 4190 2421 4270 ἄτεγκτον
2467 4189 2865 4269 συλλαβοῦσα

414 4279 702 4361 καρδίαν,
750 4279 876 4343 κτλ.
924 4277 1110 4362 Hipp.
1146 4280 1291 4342 303.
1340 4282 1483 4344 οὔτε
1530 4279 1651 4361 γὰρ
1696 4280 1833 4343 τότε
1873 4276 1882 4366 Ι
1922 4279 2132 4360 λόγοις
2178 4279 2450 4360 ἔτέγγεθ’
2496 4278 2612 4361 ἥδε
2656 4283 2771 4341 νῦν
2815 4276 2867 4338 τ’

412 4368 490 4431 οὐ
536 4370 833 4432 πείθεται.
888 4369 1083 4432 Arist.
1128 4367 1235 4430 Τ11.
1291 4371 1475 4433 1047.
1533 4371 1612 4433 ἰώ
1665 4393 1778 4451 μοι
1832 4370 2061 4451 μοίρας
2116 4369 2366 4449 ἄτεγκτε
2414 4367 2663 4449 δαίμων
2709 4366 2865 4448 (δαῖ-

409 4458 618 4539 μονΡ).
668 4458 824 4522 Plat.
870 4456 1055 4541 Resp.
1102 4457 1183 4521 II.
1233 4459 1358 4522 361
1397 4458 1462 4522 G.
1528 4459 1689 4522 ὥστε
1752 4458 1843 4541 μὴ
1908 4458 2237 4539 τέγγεσθαι
2292 4457 2420 4520 ὑπὸ
2466 4456 2867 4529 κακοδοξίας.

411 4543 601 4630 Legg.
633 4546 750 4611 IX.
785 4549 914 4612 880
947 4547 1019 4611 Ε.
1063 4548 1268 4630 μηδὲν
1313 4550 1718 4631 τεγχθέντων.
1770 4548 2013 4611 Aelian.
2047 4546 2215 4631 apud
2247 4546 2419 4611 Suid.
2456 4566 2510 4610 v.
2557 4547 2868 4628 ἄτεγκτος,
