<?xml version="1.0" encoding="UTF-8"?>
<!DOCTYPE html PUBLIC "-//W3C//DTD XHTML 1.0 Transitional//EN"
    "http://www.w3.org/TR/xhtml1/DTD/xhtml1-transitional.dtd">
<html xmlns="http://www.w3.org/1999/xhtml" xml:lang="en" lang="en">
 <head>
  <title>
</title>
<meta http-equiv="Content-Type" content="text/html;charset=utf-8" />
  <meta name='ocr-system' content='tesseract 3.04.00' />
  <meta name='ocr-capabilities' content='ocr_page ocr_carea ocr_par ocr_line ocrx_word'/>
</head>
<body>
  <div class='ocr_page' id='page_1' title='image "./spicilegiumsoph01blaygoog_0171.png"; bbox 0 0 3463 5287; ppageno 0'>
   <div class='ocr_carea' id='block_1_1' title="bbox 1513 424 2875 489">
    <p class='ocr_par' dir='ltr' id='par_1_1' title="bbox 1513 424 2875 489">
     <span class='ocr_line' id='line_1_1' title="bbox 1513 424 2875 489; baseline -0.001 0"><span class='ocrx_word' id='word_1_1' title='bbox 1513 444 1775 489; x_wconf 67' lang='lat' dir='ltr'><strong><em>mmm</em></strong></span> <span class='ocrx_word' id='word_1_2' title='bbox 2749 424 2875 488; x_wconf 84' lang='lat'><strong><em>159</em></strong></span> 
     </span>
    </p>
   </div>
   <div class='ocr_carea' id='block_1_2' title="bbox 417 601 2878 1222">
    <p class='ocr_par' dir='ltr' id='par_1_2' title="bbox 420 601 2878 774">
     <span class='ocr_line' id='line_1_2' title="bbox 603 601 2878 686; baseline 0.001 -21"><span class='ocrx_word' id='word_1_3' title='bbox 603 604 790 666; x_wconf 82' lang='lat'><strong>1235.</strong></span> <span class='ocrx_word' id='word_1_4' title='bbox 839 602 1150 686; x_wconf 81' lang='grc' dir='ltr'><strong><em>ἐφηύρετ’,</em></strong></span> <span class='ocrx_word' id='word_1_5' title='bbox 1197 602 1427 685; x_wconf 79' lang='grc' dir='ltr'><strong><em>ἤλθετ’,</em></strong></span> <span class='ocrx_word' id='word_1_6' title='bbox 1476 601 1703 686; x_wconf 73' lang='grc' dir='ltr'><strong><em>εἴδεθ’]</em></strong></span> <span class='ocrx_word' id='word_1_7' title='bbox 1750 602 1928 666; x_wconf 80' lang='lat' dir='ltr'><strong>Haeo</strong></span> <span class='ocrx_word' id='word_1_8' title='bbox 1973 604 2041 666; x_wconf 86' lang='lat' dir='ltr'><strong><em>in</em></strong></span> <span class='ocrx_word' id='word_1_9' title='bbox 2074 607 2353 667; x_wconf 78' lang='lat' dir='ltr'>mentem</span> <span class='ocrx_word' id='word_1_10' title='bbox 2391 609 2692 666; x_wconf 81' lang='lat' dir='ltr'><strong>revocant</strong></span> <span class='ocrx_word' id='word_1_11' title='bbox 2722 602 2878 667; x_wconf 80' lang='lat' dir='ltr'><strong>Cae·</strong></span> 
     </span>
     <span class='ocr_line' id='line_1_3' title="bbox 420 691 1540 774; baseline -0.003 -18"><span class='ocrx_word' id='word_1_12' title='bbox 420 692 581 756; x_wconf 82' lang='lat' dir='ltr'><strong>saris</strong></span> <span class='ocrx_word' id='word_1_13' title='bbox 627 692 820 757; x_wconf 80' lang='lat' dir='ltr'><strong>verba</strong></span> <span class='ocrx_word' id='word_1_14' title='bbox 868 693 1089 773; x_wconf 80' lang='lat' dir='ltr'>Veni,</span> <span class='ocrx_word' id='word_1_15' title='bbox 1135 691 1321 774; x_wconf 89' lang='lat' dir='ltr'>vidi,</span> <span class='ocrx_word' id='word_1_16' title='bbox 1367 692 1540 756; x_wconf 84' lang='lat' dir='ltr'><strong>vici.</strong></span> 
     </span>
    </p>

    <p class='ocr_par' dir='ltr' id='par_1_3' title="bbox 605 779 2248 864">
     <span class='ocr_line' id='line_1_4' title="bbox 605 779 2248 864; baseline -0.001 -20"><span class='ocrx_word' id='word_1_17' title='bbox 605 782 791 844; x_wconf 89' lang='grc'><strong>1236.</strong></span> <span class='ocrx_word' id='word_1_18' title='bbox 840 781 959 864; x_wconf 83' lang='grc' dir='ltr'><strong><em>σῖγ’</em></strong></span> <span class='ocrx_word' id='word_1_19' title='bbox 1006 779 1274 864; x_wconf 83' lang='grc' dir='ltr'><strong><em>ἔχουσα]</em></strong></span> <span class='ocrx_word' id='word_1_20' title='bbox 1324 779 1414 843; x_wconf 80' lang='lat' dir='ltr'><strong><em>Cf.</em></strong></span> <span class='ocrx_word' id='word_1_21' title='bbox 1463 781 1579 845; x_wconf 85' lang='lat' dir='ltr'><strong><em>Ph.</em></strong></span> <span class='ocrx_word' id='word_1_22' title='bbox 1625 783 1773 845; x_wconf 84' lang='lat'><strong>258.</strong></span> <span class='ocrx_word' id='word_1_23' title='bbox 1820 780 1940 863; x_wconf 82' lang='grc' dir='ltr'><strong><em>σῖγ’</em></strong></span> <span class='ocrx_word' id='word_1_24' title='bbox 1988 782 2248 864; x_wconf 83' lang='grc' dir='ltr'><strong><em>ἔχοντες.</em></strong></span> 
     </span>
    </p>

    <p class='ocr_par' dir='ltr' id='par_1_4' title="bbox 417 869 2874 1222">
     <span class='ocr_line' id='line_1_5' title="bbox 605 869 2871 955; baseline 0 -22"><span class='ocrx_word' id='word_1_25' title='bbox 605 871 792 934; x_wconf 88' lang='grc'><strong>1240.</strong></span> <span class='ocrx_word' id='word_1_26' title='bbox 839 869 1151 955; x_wconf 79' lang='grc' dir='ltr'><strong><em>ἀδμήταν]</em></strong></span> <span class='ocrx_word' id='word_1_27' title='bbox 1209 869 1300 933; x_wconf 82' lang='lat' dir='ltr'><strong><em>Cf.</em></strong></span> <span class='ocrx_word' id='word_1_28' title='bbox 1349 870 1420 934; x_wconf 92' lang='lat' dir='ltr'><strong><em>O.</em></strong></span> <span class='ocrx_word' id='word_1_29' title='bbox 1454 870 1520 935; x_wconf 85' lang='lat' dir='ltr'><strong><em>C.</em></strong></span> <span class='ocrx_word' id='word_1_30' title='bbox 1560 872 1746 934; x_wconf 85' lang='lat'><strong>1321.</strong></span> <span class='ocrx_word' id='word_1_31' title='bbox 1793 871 2136 953; x_wconf 85' lang='grc' dir='ltr'><strong><em>ἐπώνυμος</em></strong></span> <span class='ocrx_word' id='word_1_32' title='bbox 2178 877 2289 954; x_wconf 87' lang='grc' dir='ltr'><strong><em>τῆς</em></strong></span> <span class='ocrx_word' id='word_1_33' title='bbox 2332 871 2619 953; x_wconf 74' lang='grc' dir='ltr'><strong><em>πρόσθεν</em></strong></span> <span class='ocrx_word' id='word_1_34' title='bbox 2664 870 2871 954; x_wconf 79' lang='grc' dir='ltr'>ἀδμή-</span> 
     </span>
     <span class='ocr_line' id='line_1_6' title="bbox 417 959 2874 1133; baseline 0 -21"><span class='ocrx_word' id='word_1_35' title='bbox 417 984 529 1044; x_wconf 52' lang='lat' dir='ltr'><strong><em>mg</em></strong></span> <span class='ocrx_word' id='word_1_36' title='bbox 573 960 792 1112; x_wconf 47' lang='grc'><strong>7692542,</strong></span> <span class='ocrx_word' id='word_1_37' title='bbox 834 959 1462 1133; x_wconf 46' lang='grc' dir='ltr'><strong><em>Ιπίὲρτῖῖὸσςὸνλοέῗίῖῗιῗῖ.</em></strong></span> <span class='ocrx_word' id='word_1_38' title='bbox 1512 1049 1601 1112; x_wconf 86' lang='lat' dir='ltr'><strong><em>Cf.</em></strong></span> <span class='ocrx_word' id='word_1_39' title='bbox 1648 1049 1748 1114; x_wconf 89' lang='lat' dir='ltr'><strong><em>Fr.</em></strong></span> <span class='ocrx_word' id='word_1_40' title='bbox 1798 1051 1954 1133; x_wconf 85' lang='lat'><strong><em>682,</em></strong></span> <span class='ocrx_word' id='word_1_41' title='bbox 2003 1050 2059 1111; x_wconf 86' lang='lat'><strong><em>3.</em></strong></span> <span class='ocrx_word' id='word_1_42' title='bbox 2132 1049 2335 1133; x_wconf 84' lang='grc' dir='ltr'><em>βάρος</em></span> <span class='ocrx_word' id='word_1_43' title='bbox 2397 1048 2695 1132; x_wconf 85' lang='grc' dir='ltr'><strong><em>περισσὸν</em></strong></span> <span class='ocrx_word' id='word_1_44' title='bbox 2759 1055 2874 1132; x_wconf 83' lang='grc' dir='ltr'><strong><em>γῆς</em></strong></span> 
     </span>
     <span class='ocr_line' id='line_1_7' title="bbox 418 1137 2630 1222; baseline 0 -22"><span class='ocrx_word' id='word_1_45' title='bbox 418 1138 1023 1222; x_wconf 83' lang='grc' dir='ltr'><strong><em>ἀναστρωῳώμενοι.</em></strong></span> <span class='ocrx_word' id='word_1_46' title='bbox 1070 1137 1259 1202; x_wconf 88' lang='lat' dir='ltr'><strong>Hom.</strong></span> <span class='ocrx_word' id='word_1_47' title='bbox 1306 1137 1379 1201; x_wconf 94' lang='lat' dir='ltr'><strong><em>Il.</em></strong></span> <span class='ocrx_word' id='word_1_48' title='bbox 1432 1139 1532 1220; x_wconf 87' lang='lat'><strong><em>18,</em></strong></span> <span class='ocrx_word' id='word_1_49' title='bbox 1584 1139 1725 1201; x_wconf 88' lang='grc'><strong>104.</strong></span> <span class='ocrx_word' id='word_1_50' title='bbox 1774 1139 2035 1203; x_wconf 80' lang='grc' dir='ltr'><strong><em>ἐτώσιον</em></strong></span> <span class='ocrx_word' id='word_1_51' title='bbox 2080 1139 2286 1222; x_wconf 78' lang='grc' dir='ltr'><strong><em>ἄχθος</em></strong></span> <span class='ocrx_word' id='word_1_52' title='bbox 2330 1139 2630 1222; x_wconf 83' lang='grc' dir='ltr'><strong>ἀρούρης.</strong></span> 
     </span>
    </p>
   </div>
   <div class='ocr_carea' id='block_1_3' title="bbox 419 1243 2876 1954">
    <p class='ocr_par' dir='ltr' id='par_1_5' title="bbox 419 1243 2876 1954">
     <span class='ocr_line' id='line_1_8' title="bbox 605 1243 2872 1328; baseline 0 -20"><span class='ocrx_word' id='word_1_53' title='bbox 605 1246 792 1309; x_wconf 88' lang='grc'><strong>1244.</strong></span> <span class='ocrx_word' id='word_1_54' title='bbox 840 1244 931 1309; x_wconf 85' lang='lat' dir='ltr'><strong><em>Cf.</em></strong></span> <span class='ocrx_word' id='word_1_55' title='bbox 981 1243 1052 1308; x_wconf 93' lang='grc' dir='ltr'><strong><em>Ο.</em></strong></span> <span class='ocrx_word' id='word_1_56' title='bbox 1086 1244 1152 1309; x_wconf 88' lang='lat' dir='ltr'><strong><em>C.</em></strong></span> <span class='ocrx_word' id='word_1_57' title='bbox 1188 1246 1333 1309; x_wconf 83' lang='lat'><strong>587.</strong></span> <span class='ocrx_word' id='word_1_58' title='bbox 1383 1245 1504 1327; x_wconf 88' lang='grc' dir='ltr'><strong><em>ὅρα</em></strong></span> <span class='ocrx_word' id='word_1_59' title='bbox 1553 1270 1623 1328; x_wconf 80' lang='grc' dir='ltr'><strong><em>γε</em></strong></span> <span class='ocrx_word' id='word_1_60' title='bbox 1665 1247 1824 1328; x_wconf 86' lang='grc' dir='ltr'><strong><em>μήν·</em></strong></span> <span class='ocrx_word' id='word_1_61' title='bbox 1871 1246 1949 1310; x_wconf 83' lang='grc' dir='ltr'><strong><em>οὗ</em></strong></span> <span class='ocrx_word' id='word_1_62' title='bbox 1982 1244 2276 1328; x_wconf 83' lang='grc' dir='ltr'><strong><em>σμικρὸς,</em></strong></span> <span class='ocrx_word' id='word_1_63' title='bbox 2325 1248 2473 1319; x_wconf 82' lang='grc' dir='ltr'><strong><em>οὒκ,</em></strong></span> <span class='ocrx_word' id='word_1_64' title='bbox 2521 1245 2700 1327; x_wconf 82' lang='grc' dir='ltr'><strong><em>ἀγὼν</em></strong></span> <span class='ocrx_word' id='word_1_65' title='bbox 2745 1246 2872 1310; x_wconf 76' lang='grc' dir='ltr'><strong><em>ὅδε.</em></strong></span> 
     </span>
     <span class='ocr_line' id='line_1_9' title="bbox 510 1333 2876 1419; baseline 0.001 -22"><span class='ocrx_word' id='word_1_66' title='bbox 510 1334 632 1417; x_wconf 88' lang='grc' dir='ltr'><strong><em>ὅρα</em></strong></span> <span class='ocrx_word' id='word_1_67' title='bbox 680 1359 749 1417; x_wconf 83' lang='grc' dir='ltr'><strong><em>γε</em></strong></span> <span class='ocrx_word' id='word_1_68' title='bbox 792 1334 913 1416; x_wconf 79' lang='grc' dir='ltr'><strong><em>μὲν</em></strong></span> <span class='ocrx_word' id='word_1_69' title='bbox 961 1333 1073 1418; x_wconf 84' lang='grc' dir='ltr'><strong><em>ὀὴ]</em></strong></span> <span class='ocrx_word' id='word_1_70' title='bbox 1124 1333 1213 1397; x_wconf 85' lang='lat' dir='ltr'><strong><em>Cf.</em></strong></span> <span class='ocrx_word' id='word_1_71' title='bbox 1258 1334 1356 1397; x_wconf 87' lang='lat' dir='ltr'><strong><em>Tr.</em></strong></span> <span class='ocrx_word' id='word_1_72' title='bbox 1404 1336 1552 1398; x_wconf 90' lang='lat'><strong>488.</strong></span> <span class='ocrx_word' id='word_1_73' title='bbox 1600 1336 1831 1399; x_wconf 84' lang='lat' dir='ltr'><strong>Aesch.</strong></span> <span class='ocrx_word' id='word_1_74' title='bbox 1881 1333 2096 1419; x_wconf 86' lang='lat' dir='ltr'><strong>Suppl.</strong></span> <span class='ocrx_word' id='word_1_75' title='bbox 2146 1336 2292 1398; x_wconf 90' lang='grc'><strong>273.</strong></span> <span class='ocrx_word' id='word_1_76' title='bbox 2339 1335 2597 1417; x_wconf 88' lang='grc' dir='ltr'><strong><em>μακράν</em></strong></span> <span class='ocrx_word' id='word_1_77' title='bbox 2644 1359 2712 1417; x_wconf 80' lang='grc' dir='ltr'><strong><em>γε</em></strong></span> <span class='ocrx_word' id='word_1_78' title='bbox 2755 1335 2876 1417; x_wconf 79' lang='grc' dir='ltr'><strong><em>μὲν</em></strong></span> 
     </span>
     <span class='ocr_line' id='line_1_10' title="bbox 423 1422 2873 1508; baseline 0 -20"><span class='ocrx_word' id='word_1_79' title='bbox 423 1423 500 1508; x_wconf 84' lang='grc' dir='ltr'><strong><em>ὀὴ</em></strong></span> <span class='ocrx_word' id='word_1_80' title='bbox 549 1425 734 1507; x_wconf 82' lang='grc' dir='ltr'><strong><em>ῥῆσιν</em></strong></span> <span class='ocrx_word' id='word_1_81' title='bbox 779 1425 858 1487; x_wconf 82' lang='grc' dir='ltr'><strong><em>οὗ</em></strong></span> <span class='ocrx_word' id='word_1_82' title='bbox 905 1425 1142 1506; x_wconf 82' lang='grc' dir='ltr'><em>στέργει</em></span> <span class='ocrx_word' id='word_1_83' title='bbox 1186 1424 1382 1494; x_wconf 81' lang='grc' dir='ltr'><strong>πόλις.</strong></span> <span class='ocrx_word' id='word_1_84' title='bbox 1428 1422 1580 1487; x_wconf 85' lang='lat' dir='ltr'><strong>Eur.</strong></span> <span class='ocrx_word' id='word_1_85' title='bbox 1627 1423 1769 1488; x_wconf 83' lang='lat' dir='ltr'><strong>Hel.</strong></span> <span class='ocrx_word' id='word_1_86' title='bbox 1814 1424 2002 1487; x_wconf 83' lang='lat'><strong>1259.</strong></span> <span class='ocrx_word' id='word_1_87' title='bbox 2051 1424 2269 1494; x_wconf 77' lang='grc' dir='ltr'><strong><em>διδούς</em></strong></span> <span class='ocrx_word' id='word_1_88' title='bbox 2315 1448 2384 1506; x_wconf 80' lang='grc' dir='ltr'><strong><em>γε</em></strong></span> <span class='ocrx_word' id='word_1_89' title='bbox 2425 1424 2548 1507; x_wconf 85' lang='grc' dir='ltr'><strong><em>μὲν</em></strong></span> <span class='ocrx_word' id='word_1_90' title='bbox 2594 1425 2672 1507; x_wconf 74' lang='grc' dir='ltr'><strong><em>δὴ</em></strong></span> <span class='ocrx_word' id='word_1_91' title='bbox 2723 1425 2873 1488; x_wconf 78' lang='grc' dir='ltr'><strong><em>δυσ-</em></strong></span> 
     </span>
     <span class='ocr_line' id='line_1_11' title="bbox 421 1512 2876 1596; baseline 0 -20"><span class='ocrx_word' id='word_1_92' title='bbox 421 1513 592 1595; x_wconf 83' lang='grc' dir='ltr'><strong><em>γενὲς</em></strong></span> <span class='ocrx_word' id='word_1_93' title='bbox 635 1512 842 1596; x_wconf 80' lang='grc' dir='ltr'><strong><em>μηδὲν</em></strong></span> <span class='ocrx_word' id='word_1_94' title='bbox 889 1512 1086 1577; x_wconf 79' lang='grc' dir='ltr'><strong><em>δίδου.</em></strong></span> <span class='ocrx_word' id='word_1_95' title='bbox 1136 1512 1310 1576; x_wconf 84' lang='lat' dir='ltr'><strong>Com.</strong></span> <span class='ocrx_word' id='word_1_96' title='bbox 1357 1514 1577 1577; x_wconf 72' lang='lat' dir='ltr'><strong>incert-</strong></span> <span class='ocrx_word' id='word_1_97' title='bbox 1625 1512 1794 1596; x_wconf 83' lang='lat' dir='ltr'><strong>apud</strong></span> <span class='ocrx_word' id='word_1_98' title='bbox 1829 1513 1983 1577; x_wconf 87' lang='lat' dir='ltr'><strong>Poll.</strong></span> <span class='ocrx_word' id='word_1_99' title='bbox 2024 1512 2159 1576; x_wconf 93' lang='lat' dir='ltr'><strong>VII.</strong></span> <span class='ocrx_word' id='word_1_100' title='bbox 2187 1513 2328 1576; x_wconf 83' lang='lat'><strong>167.</strong></span> <span class='ocrx_word' id='word_1_101' title='bbox 2375 1514 2594 1577; x_wconf 78' lang='grc' dir='ltr'><strong><em>λοῦταί</em></strong></span> <span class='ocrx_word' id='word_1_102' title='bbox 2620 1538 2697 1596; x_wconf 80' lang='grc' dir='ltr'><strong><em>γε</em></strong></span> <span class='ocrx_word' id='word_1_103' title='bbox 2735 1514 2876 1596; x_wconf 84' lang='grc' dir='ltr'><strong><em>μὲν</em></strong></span> 
     </span>
     <span class='ocr_line' id='line_1_12' title="bbox 421 1600 2874 1686; baseline 0.001 -22"><span class='ocrx_word' id='word_1_104' title='bbox 421 1602 507 1684; x_wconf 79' lang='grc' dir='ltr'><strong><em>δὴ</em></strong></span> <span class='ocrx_word' id='word_1_105' title='bbox 555 1602 823 1685; x_wconf 85' lang='grc' dir='ltr'><strong><em>λουτρὸν</em></strong></span> <span class='ocrx_word' id='word_1_106' title='bbox 869 1601 1023 1666; x_wconf 84' lang='grc' dir='ltr'><strong><em>αὐτὸ</em></strong></span> <span class='ocrx_word' id='word_1_107' title='bbox 1070 1603 1333 1686; x_wconf 77' lang='grc' dir='ltr'><strong><em>(αὕτηΡ)</em></strong></span> <span class='ocrx_word' id='word_1_108' title='bbox 1391 1602 1700 1684; x_wconf 79' lang='grc' dir='ltr'><strong><em>δεύτερον.</em></strong></span> <span class='ocrx_word' id='word_1_109' title='bbox 1781 1601 2013 1666; x_wconf 83' lang='lat' dir='ltr'>Confer</span> <span class='ocrx_word' id='word_1_110' title='bbox 2066 1604 2135 1686; x_wconf 82' lang='grc' dir='ltr'><strong><em>γέ</em></strong></span> <span class='ocrx_word' id='word_1_111' title='bbox 2188 1625 2281 1666; x_wconf 88' lang='grc' dir='ltr'><strong><em>τοι</em></strong></span> <span class='ocrx_word' id='word_1_112' title='bbox 2329 1602 2408 1686; x_wconf 79' lang='grc' dir='ltr'><strong><em>δὴ</em></strong></span> <span class='ocrx_word' id='word_1_113' title='bbox 2459 1600 2529 1666; x_wconf 92' lang='grc' dir='ltr'><strong><em>Ο.</em></strong></span> <span class='ocrx_word' id='word_1_114' title='bbox 2563 1602 2634 1666; x_wconf 89' lang='lat' dir='ltr'><strong><em>R.</em></strong></span> <span class='ocrx_word' id='word_1_115' title='bbox 2688 1604 2874 1666; x_wconf 89' lang='grc'><strong>1171.</strong></span> 
     </span>
     <span class='ocr_line' id='line_1_13' title="bbox 495 1690 2875 1776; baseline 0.001 -23"><span class='ocrx_word' id='word_1_116' title='bbox 495 1691 721 1776; x_wconf 80' lang='grc' dir='ltr'><strong>Ἄρης]</strong></span> <span class='ocrx_word' id='word_1_117' title='bbox 789 1693 1059 1775; x_wconf 82' lang='lat' dir='ltr'><strong>Anglice</strong></span> <span class='ocrx_word' id='word_1_118' title='bbox 1122 1691 1334 1775; x_wconf 83' lang='lat' dir='ltr'><strong>sight.</strong></span> <span class='ocrx_word' id='word_1_119' title='bbox 1412 1690 1501 1755; x_wconf 87' lang='lat' dir='ltr'><strong><em>Cf.</em></strong></span> <span class='ocrx_word' id='word_1_120' title='bbox 1549 1692 1776 1755; x_wconf 80' lang='lat' dir='ltr'><strong>Aesch.</strong></span> <span class='ocrx_word' id='word_1_121' title='bbox 1824 1691 2041 1775; x_wconf 88' lang='lat' dir='ltr'><strong>Suppl.</strong></span> <span class='ocrx_word' id='word_1_122' title='bbox 2093 1693 2237 1756; x_wconf 84' lang='lat'><strong>749.</strong></span> <span class='ocrx_word' id='word_1_123' title='bbox 2304 1691 2460 1775; x_wconf 80' lang='grc' dir='ltr'><strong><em>γυνὴ</em></strong></span> <span class='ocrx_word' id='word_1_124' title='bbox 2525 1691 2875 1775; x_wconf 75' lang='grc' dir='ltr'><strong><em>μονωθεῖσ’</em></strong></span> 
     </span>
     <span class='ocr_line' id='line_1_14' title="bbox 421 1780 2873 1865; baseline -0 -21"><span class='ocrx_word' id='word_1_125' title='bbox 421 1780 634 1845; x_wconf 82' lang='grc' dir='ltr'><strong><em>οὖὸέν·</em></strong></span> <span class='ocrx_word' id='word_1_126' title='bbox 683 1782 804 1844; x_wconf 86' lang='grc' dir='ltr'><strong><em>οὐκ</em></strong></span> <span class='ocrx_word' id='word_1_127' title='bbox 850 1780 1042 1844; x_wconf 84' lang='grc' dir='ltr'><strong><em>ἔνεστ’</em></strong></span> <span class='ocrx_word' id='word_1_128' title='bbox 1076 1782 1286 1863; x_wconf 79' lang='grc' dir='ltr'><strong><em>Ἄρης.</em></strong></span> <span class='ocrx_word' id='word_1_129' title='bbox 1335 1784 1454 1863; x_wconf 86' lang='lat' dir='ltr'><strong><em>Ag.</em></strong></span> <span class='ocrx_word' id='word_1_130' title='bbox 1490 1782 1590 1843; x_wconf 86' lang='lat'><strong><em>77.</em></strong></span> <span class='ocrx_word' id='word_1_131' title='bbox 1622 1782 1817 1845; x_wconf 88' lang='lat' dir='ltr'><strong>Arist.</strong></span> <span class='ocrx_word' id='word_1_132' title='bbox 1851 1780 1998 1863; x_wconf 85' lang='lat' dir='ltr'><strong>Lys.</strong></span> <span class='ocrx_word' id='word_1_133' title='bbox 2032 1781 2179 1844; x_wconf 84' lang='lat'><strong>464.</strong></span> <span class='ocrx_word' id='word_1_134' title='bbox 2255 1781 2671 1845; x_wconf 85' lang='lat' dir='ltr'><strong>Proverbium</strong></span> <span class='ocrx_word' id='word_1_135' title='bbox 2706 1781 2873 1865; x_wconf 80' lang='lat' dir='ltr'><strong>apud</strong></span> 
     </span>
     <span class='ocr_line' id='line_1_15' title="bbox 419 1869 2430 1954; baseline 0 -22"><span class='ocrx_word' id='word_1_136' title='bbox 419 1870 609 1934; x_wconf 85' lang='lat' dir='ltr'><strong>schol.</strong></span> <span class='ocrx_word' id='word_1_137' title='bbox 663 1869 849 1954; x_wconf 83' lang='lat' dir='ltr'><strong>Vesp.</strong></span> <span class='ocrx_word' id='word_1_138' title='bbox 884 1872 1031 1933; x_wconf 82' lang='lat'><strong>352.</strong></span> <span class='ocrx_word' id='word_1_139' title='bbox 1077 1871 1269 1934; x_wconf 81' lang='grc' dir='ltr'><strong><em>ἔνεστι</em></strong></span> <span class='ocrx_word' id='word_1_140' title='bbox 1313 1870 1437 1933; x_wconf 81' lang='grc' dir='ltr'><strong><em>κάν</em></strong></span> <span class='ocrx_word' id='word_1_141' title='bbox 1479 1870 1772 1953; x_wconf 84' lang='grc' dir='ltr'><strong><em>μύρμηκι</em></strong></span> <span class='ocrx_word' id='word_1_142' title='bbox 1817 1871 1941 1934; x_wconf 82' lang='grc' dir='ltr'><strong><em>κάν</em></strong></span> <span class='ocrx_word' id='word_1_143' title='bbox 1986 1872 2210 1953; x_wconf 84' lang='grc' dir='ltr'><strong>σέρφῳ</strong></span> <span class='ocrx_word' id='word_1_144' title='bbox 2253 1870 2430 1953; x_wconf 89' lang='grc' dir='ltr'><strong><em>χολή.</em></strong></span> 
     </span>
    </p>
   </div>
   <div class='ocr_carea' id='block_1_4' title="bbox 419 1975 2874 2507">
    <p class='ocr_par' dir='ltr' id='par_1_6' title="bbox 419 1975 2874 2150">
     <span class='ocr_line' id='line_1_16' title="bbox 602 1975 2871 2062; baseline 0.001 -23"><span class='ocrx_word' id='word_1_145' title='bbox 602 1979 791 2041; x_wconf 94' lang='grc'><strong>1245.</strong></span> <span class='ocrx_word' id='word_1_146' title='bbox 838 1975 908 2040; x_wconf 81' lang='grc' dir='ltr'><strong><em>εὖ</em></strong></span> <span class='ocrx_word' id='word_1_147' title='bbox 956 1976 1014 2041; x_wconf 84' lang='lat'><strong><em>6&#39;</em></strong></span> <span class='ocrx_word' id='word_1_148' title='bbox 1062 1977 1323 2050; x_wconf 76' lang='grc' dir='ltr'><strong><em>ἔξοισθα</em></strong></span> <span class='ocrx_word' id='word_1_149' title='bbox 1388 1978 1763 2060; x_wconf 78' lang='grc' dir='ltr'><strong><em>πειραθεῖσά</em></strong></span> <span class='ocrx_word' id='word_1_150' title='bbox 1819 1978 1980 2062; x_wconf 88' lang='grc' dir='ltr'><strong><em>που]</em></strong></span> <span class='ocrx_word' id='word_1_151' title='bbox 2047 1976 2134 2041; x_wconf 83' lang='lat' dir='ltr'><strong><em>Cf.</em></strong></span> <span class='ocrx_word' id='word_1_152' title='bbox 2180 1977 2279 2041; x_wconf 87' lang='lat' dir='ltr'><strong><em>Fr.</em></strong></span> <span class='ocrx_word' id='word_1_153' title='bbox 2330 1979 2477 2040; x_wconf 84' lang='lat'><strong>516.</strong></span> <span class='ocrx_word' id='word_1_154' title='bbox 2524 1978 2582 2041; x_wconf 79' lang='grc' dir='ltr'><strong><em>εἰ</em></strong></span> <span class='ocrx_word' id='word_1_155' title='bbox 2621 1984 2736 2061; x_wconf 81' lang='grc' dir='ltr'><strong><em>γῆς</em></strong></span> <span class='ocrx_word' id='word_1_156' title='bbox 2779 1977 2871 2061; x_wconf 85' lang='grc' dir='ltr'><strong><em>μὴ</em></strong></span> 
     </span>
     <span class='ocr_line' id='line_1_17' title="bbox 419 2066 2874 2150; baseline 0 -21"><span class='ocrx_word' id='word_1_157' title='bbox 419 2067 788 2149; x_wconf 83' lang='grc' dir='ltr'><strong><em>πεπείρασαι</em></strong></span> <span class='ocrx_word' id='word_1_158' title='bbox 836 2068 1033 2150; x_wconf 83' lang='grc' dir='ltr'><strong><em>ξένης.</em></strong></span> <span class='ocrx_word' id='word_1_159' title='bbox 1082 2067 1230 2131; x_wconf 85' lang='lat' dir='ltr'><strong>Eur.</strong></span> <span class='ocrx_word' id='word_1_160' title='bbox 1253 2067 1349 2131; x_wconf 78' lang='lat' dir='ltr'><strong><em>Fr.</em></strong></span> <span class='ocrx_word' id='word_1_161' title='bbox 1372 2068 1520 2130; x_wconf 87' lang='grc'><strong>462.</strong></span> <span class='ocrx_word' id='word_1_162' title='bbox 1568 2068 1898 2150; x_wconf 82' lang='grc' dir='ltr'><strong><em>ἐπίσταμαι</em></strong></span> <span class='ocrx_word' id='word_1_163' title='bbox 1931 2067 2001 2130; x_wconf 81' lang='grc' dir='ltr'><strong><em>ὸὲ</em></strong></span> <span class='ocrx_word' id='word_1_164' title='bbox 2031 2066 2139 2130; x_wconf 78' lang='grc' dir='ltr'><strong><em>καὶ</em></strong></span> <span class='ocrx_word' id='word_1_165' title='bbox 2169 2067 2551 2150; x_wconf 83' lang='grc' dir='ltr'><strong><em>πεπείραμαι</em></strong></span> <span class='ocrx_word' id='word_1_166' title='bbox 2581 2067 2718 2130; x_wconf 89' lang='grc' dir='ltr'><strong><em>λίαν</em></strong></span> <span class='ocrx_word' id='word_1_167' title='bbox 2746 2067 2874 2130; x_wconf 84' lang='grc' dir='ltr'><strong><em>κτλ.</em></strong></span> 
     </span>
    </p>

    <p class='ocr_par' dir='ltr' id='par_1_7' title="bbox 421 2155 2873 2330">
     <span class='ocr_line' id='line_1_18' title="bbox 605 2155 2873 2240; baseline -0.001 -21"><span class='ocrx_word' id='word_1_168' title='bbox 605 2156 794 2220; x_wconf 88' lang='grc'><strong>1246.</strong></span> <span class='ocrx_word' id='word_1_169' title='bbox 842 2155 932 2220; x_wconf 85' lang='lat' dir='ltr'><strong><em>Cf.</em></strong></span> <span class='ocrx_word' id='word_1_170' title='bbox 981 2157 1208 2221; x_wconf 84' lang='lat' dir='ltr'><strong>Aesch.</strong></span> <span class='ocrx_word' id='word_1_171' title='bbox 1241 2159 1360 2240; x_wconf 86' lang='lat' dir='ltr'><strong><em>Ag.</em></strong></span> <span class='ocrx_word' id='word_1_172' title='bbox 1398 2157 1585 2220; x_wconf 89' lang='grc'><strong>1072.</strong></span> <span class='ocrx_word' id='word_1_173' title='bbox 1627 2157 1811 2220; x_wconf 90' lang='grc'><strong>1076.</strong></span> <span class='ocrx_word' id='word_1_174' title='bbox 1861 2157 2144 2220; x_wconf 84' lang='grc' dir='ltr'><em>ὀτοτοτοῖ</em></span> <span class='ocrx_word' id='word_1_175' title='bbox 2179 2156 2379 2220; x_wconf 88' lang='grc' dir='ltr'><strong><em>πόποι</em></strong></span> <span class='ocrx_word' id='word_1_176' title='bbox 2426 2162 2618 2236; x_wconf 89' lang='grc' dir='ltr'><em>(τοτοῖ</em></span> <span class='ocrx_word' id='word_1_177' title='bbox 2641 2155 2873 2238; x_wconf 89' lang='lat' dir='ltr'><strong>Dind.),</strong></span> 
     </span>
     <span class='ocr_line' id='line_1_19' title="bbox 421 2244 2004 2330; baseline 0 -22"><span class='ocrx_word' id='word_1_178' title='bbox 421 2245 519 2308; x_wconf 79' lang='grc' dir='ltr'><strong><em>ὀᾶ.</em></strong></span> <span class='ocrx_word' id='word_1_179' title='bbox 568 2244 786 2330; x_wconf 81' lang='lat' dir='ltr'><strong>Suppl.</strong></span> <span class='ocrx_word' id='word_1_180' title='bbox 837 2247 984 2310; x_wconf 87' lang='lat'><strong>889.</strong></span> <span class='ocrx_word' id='word_1_181' title='bbox 1032 2246 1332 2319; x_wconf 84' lang='grc' dir='ltr'><em>ὀτοτοτοῖ,</em></span> <span class='ocrx_word' id='word_1_182' title='bbox 1377 2251 1474 2329; x_wconf 85' lang='grc' dir='ltr'><strong><em>μᾶ</em></strong></span> <span class='ocrx_word' id='word_1_183' title='bbox 1519 2251 1601 2328; x_wconf 80' lang='grc' dir='ltr'><strong><em>γᾶ</em></strong></span> <span class='ocrx_word' id='word_1_184' title='bbox 1647 2251 1793 2329; x_wconf 84' lang='grc' dir='ltr'><strong><em>(φεῦ</em></strong></span> <span class='ocrx_word' id='word_1_185' title='bbox 1842 2245 2004 2326; x_wconf 76' lang='grc' dir='ltr'><strong><em>ὅᾶΡ).</em></strong></span> 
     </span>
    </p>

    <p class='ocr_par' dir='ltr' id='par_1_8' title="bbox 420 2334 2874 2507">
     <span class='ocr_line' id='line_1_20' title="bbox 605 2334 2874 2418; baseline 0 -21"><span class='ocrx_word' id='word_1_186' title='bbox 605 2336 789 2398; x_wconf 89' lang='grc'><strong>1252.</strong></span> <span class='ocrx_word' id='word_1_187' title='bbox 837 2336 1045 2417; x_wconf 82' lang='grc' dir='ltr'><strong><em>ἔργων</em></strong></span> <span class='ocrx_word' id='word_1_188' title='bbox 1089 2334 1291 2399; x_wconf 78' lang='grc' dir='ltr'><strong><em>τῶνδε</em></strong></span> <span class='ocrx_word' id='word_1_189' title='bbox 1333 2334 1735 2418; x_wconf 75' lang='grc' dir='ltr'><strong><em>μεμνῆσθαι]</em></strong></span> <span class='ocrx_word' id='word_1_190' title='bbox 1802 2334 1895 2399; x_wconf 83' lang='lat' dir='ltr'><strong><em>Cf.</em></strong></span> <span class='ocrx_word' id='word_1_191' title='bbox 1943 2335 2172 2400; x_wconf 80' lang='lat' dir='ltr'><strong>Aesch.</strong></span> <span class='ocrx_word' id='word_1_192' title='bbox 2221 2334 2429 2398; x_wconf 87' lang='lat' dir='ltr'><strong>Prom.</strong></span> <span class='ocrx_word' id='word_1_193' title='bbox 2479 2336 2624 2398; x_wconf 88' lang='lat'><strong><em>531.</em></strong></span> <span class='ocrx_word' id='word_1_194' title='bbox 2681 2335 2874 2398; x_wconf 83' lang='grc' dir='ltr'><strong><em>ἄλλου</em></strong></span> 
     </span>
     <span class='ocr_line' id='line_1_21' title="bbox 420 2421 1587 2507; baseline 0 -21"><span class='ocrx_word' id='word_1_195' title='bbox 420 2424 612 2507; x_wconf 82' lang='grc' dir='ltr'><em>λόγου</em></span> <span class='ocrx_word' id='word_1_196' title='bbox 655 2423 1007 2506; x_wconf 75' lang='grc' dir='ltr'><strong><em>μέμνησθε.</em></strong></span> <span class='ocrx_word' id='word_1_197' title='bbox 1053 2421 1204 2487; x_wconf 87' lang='lat' dir='ltr'><strong>Eur.</strong></span> <span class='ocrx_word' id='word_1_198' title='bbox 1250 2422 1392 2487; x_wconf 83' lang='lat' dir='ltr'><strong>Hel.</strong></span> <span class='ocrx_word' id='word_1_199' title='bbox 1445 2424 1587 2488; x_wconf 87' lang='lat'><strong><em>119.</em></strong></span> 
     </span>
    </p>
   </div>
   <div class='ocr_carea' id='block_1_5' title="bbox 416 2529 2877 3509">
    <p class='ocr_par' dir='ltr' id='par_1_9' title="bbox 416 2529 2877 3509">
     <span class='ocr_line' id='line_1_22' title="bbox 603 2529 2874 2615; baseline 0.001 -23"><span class='ocrx_word' id='word_1_200' title='bbox 603 2530 790 2593; x_wconf 85' lang='lat'><strong>1255.</strong></span> <span class='ocrx_word' id='word_1_201' title='bbox 838 2530 876 2593; x_wconf 98' lang='lat'><em>6</em></span> <span class='ocrx_word' id='word_1_202' title='bbox 920 2535 1047 2601; x_wconf 85' lang='grc' dir='ltr'><strong><em>πᾶς</em></strong></span> <span class='ocrx_word' id='word_1_203' title='bbox 1089 2567 1170 2576; x_wconf 88' lang='grc'>-</span> <span class='ocrx_word' id='word_1_204' title='bbox 1213 2530 1477 2615; x_wconf 87' lang='grc' dir='ltr'><strong><em>χρόνος]</em></strong></span> <span class='ocrx_word' id='word_1_205' title='bbox 1545 2529 1633 2595; x_wconf 84' lang='lat' dir='ltr'><strong><em>Of.</em></strong></span> <span class='ocrx_word' id='word_1_206' title='bbox 1681 2530 1781 2595; x_wconf 88' lang='lat' dir='ltr'><strong><em>Fr.</em></strong></span> <span class='ocrx_word' id='word_1_207' title='bbox 1833 2532 1978 2615; x_wconf 87' lang='lat'>518,</span> <span class='ocrx_word' id='word_1_208' title='bbox 2027 2533 2084 2595; x_wconf 87' lang='grc'><strong><em>3.</em></strong></span> <span class='ocrx_word' id='word_1_209' title='bbox 2149 2530 2259 2594; x_wconf 87' lang='grc' dir='ltr'><strong><em>τὸν</em></strong></span> <span class='ocrx_word' id='word_1_210' title='bbox 2313 2533 2557 2595; x_wconf 84' lang='grc' dir='ltr'><strong><em>ἅπαντα</em></strong></span> <span class='ocrx_word' id='word_1_211' title='bbox 2621 2532 2874 2615; x_wconf 92' lang='grc' dir='ltr'><strong><em>χρόνον.</em></strong></span> 
     </span>
     <span class='ocr_line' id='line_1_23' title="bbox 419 2618 2875 2705; baseline 0.001 -23"><span class='ocrx_word' id='word_1_212' title='bbox 419 2618 571 2684; x_wconf 85' lang='lat' dir='ltr'><strong>Eur.</strong></span> <span class='ocrx_word' id='word_1_213' title='bbox 605 2618 769 2684; x_wconf 78' lang='lat' dir='ltr'><strong>Med.</strong></span> <span class='ocrx_word' id='word_1_214' title='bbox 808 2620 994 2684; x_wconf 91' lang='grc'><strong>1100.</strong></span> <span class='ocrx_word' id='word_1_215' title='bbox 1041 2621 1274 2703; x_wconf 81' lang='grc' dir='ltr'><strong><em>εἰσορῶ</em></strong></span> <span class='ocrx_word' id='word_1_216' title='bbox 1313 2621 1537 2704; x_wconf 83' lang='grc' dir='ltr'><strong><em>μελέτῃ</em></strong></span> <span class='ocrx_word' id='word_1_217' title='bbox 1569 2621 2163 2705; x_wconf 69' lang='grc' dir='ltr'><strong><em>κατατρυχομένους</em></strong></span> <span class='ocrx_word' id='word_1_218' title='bbox 2192 2620 2300 2685; x_wconf 87' lang='grc' dir='ltr'><strong><em>τὸν</em></strong></span> <span class='ocrx_word' id='word_1_219' title='bbox 2330 2623 2576 2686; x_wconf 85' lang='grc' dir='ltr'><strong><em>ἅπαντα</em></strong></span> <span class='ocrx_word' id='word_1_220' title='bbox 2622 2621 2875 2705; x_wconf 92' lang='grc' dir='ltr'><strong><em>χρόνον.</em></strong></span> 
     </span>
     <span class='ocr_line' id='line_1_24' title="bbox 419 2709 2873 2795; baseline 0.002 -23"><span class='ocrx_word' id='word_1_221' title='bbox 419 2709 570 2774; x_wconf 86' lang='lat' dir='ltr'><strong>Eur.</strong></span> <span class='ocrx_word' id='word_1_222' title='bbox 619 2710 715 2774; x_wconf 88' lang='lat' dir='ltr'><strong><em>Fr.</em></strong></span> <span class='ocrx_word' id='word_1_223' title='bbox 767 2711 923 2794; x_wconf 85' lang='lat'><strong><em>506,</em></strong></span> <span class='ocrx_word' id='word_1_224' title='bbox 975 2713 1032 2773; x_wconf 87' lang='lat'><strong><em>5.</em></strong></span> <span class='ocrx_word' id='word_1_225' title='bbox 1099 2710 1240 2774; x_wconf 78' lang='grc' dir='ltr'><strong><em>οὐδ’</em></strong></span> <span class='ocrx_word' id='word_1_226' title='bbox 1306 2712 1344 2775; x_wconf 98' lang='lat'><em>6</em></span> <span class='ocrx_word' id='word_1_227' title='bbox 1406 2716 1534 2781; x_wconf 92' lang='grc' dir='ltr'><strong><em>πᾶς</em></strong></span> <span class='ocrx_word' id='word_1_228' title='bbox 1596 2713 1676 2774; x_wconf 83' lang='grc' dir='ltr'><strong><em>ἂν</em></strong></span> <span class='ocrx_word' id='word_1_229' title='bbox 1740 2712 2015 2794; x_wconf 82' lang='grc' dir='ltr'><strong><em>οὐρανὸς</em></strong></span> <span class='ocrx_word' id='word_1_230' title='bbox 2079 2710 2233 2794; x_wconf 83' lang='grc' dir='ltr'><strong><em>(γὰρ</em></strong></span> <span class='ocrx_word' id='word_1_231' title='bbox 2296 2714 2375 2775; x_wconf 82' lang='grc' dir='ltr'><strong><em>ἂν</em></strong></span> <span class='ocrx_word' id='word_1_232' title='bbox 2437 2712 2741 2795; x_wconf 71' lang='grc' dir='ltr'><strong><em>χρόνοςΡ)</em></strong></span> <span class='ocrx_word' id='word_1_233' title='bbox 2790 2748 2873 2757; x_wconf 92' lang='grc'><strong>-</strong></span> 
     </span>
     <span class='ocr_line' id='line_1_25' title="bbox 420 2799 2874 2884; baseline 0.001 -22"><span class='ocrx_word' id='word_1_234' title='bbox 420 2800 827 2882; x_wconf 76' lang='grc' dir='ltr'><strong><em>ἐξαρκέσειεν.</em></strong></span> <span class='ocrx_word' id='word_1_235' title='bbox 876 2801 1068 2863; x_wconf 85' lang='lat' dir='ltr'><strong>Arist.</strong></span> <span class='ocrx_word' id='word_1_236' title='bbox 1115 2799 1279 2863; x_wconf 87' lang='lat' dir='ltr'><strong>Nub.</strong></span> <span class='ocrx_word' id='word_1_237' title='bbox 1328 2800 1477 2863; x_wconf 90' lang='grc'><strong>462.</strong></span> <span class='ocrx_word' id='word_1_238' title='bbox 1524 2799 1634 2863; x_wconf 86' lang='grc' dir='ltr'><strong><em>τὸν</em></strong></span> <span class='ocrx_word' id='word_1_239' title='bbox 1679 2802 1881 2864; x_wconf 86' lang='grc' dir='ltr'><strong><em>πάντα</em></strong></span> <span class='ocrx_word' id='word_1_240' title='bbox 1926 2801 2178 2884; x_wconf 87' lang='grc' dir='ltr'><strong><em>χρόνον.</em></strong></span> <span class='ocrx_word' id='word_1_241' title='bbox 2228 2801 2521 2866; x_wconf 78' lang='lat' dir='ltr'><strong>Menand.</strong></span> <span class='ocrx_word' id='word_1_242' title='bbox 2568 2800 2678 2864; x_wconf 86' lang='lat' dir='ltr'><strong><em>IV.</em></strong></span> <span class='ocrx_word' id='word_1_243' title='bbox 2733 2801 2874 2864; x_wconf 88' lang='grc'><strong>107.</strong></span> 
     </span>
     <span class='ocr_line' id='line_1_26' title="bbox 418 2888 2875 2973; baseline 0.001 -22"><span class='ocrx_word' id='word_1_244' title='bbox 418 2890 505 2959; x_wconf 79' lang='grc' dir='ltr'><strong><em>εἰς</em></strong></span> <span class='ocrx_word' id='word_1_245' title='bbox 568 2890 771 2952; x_wconf 84' lang='grc' dir='ltr'><strong><em>πάντα</em></strong></span> <span class='ocrx_word' id='word_1_246' title='bbox 834 2888 943 2952; x_wconf 84' lang='grc' dir='ltr'><strong><em>τὸν</em></strong></span> <span class='ocrx_word' id='word_1_247' title='bbox 1005 2888 1257 2972; x_wconf 91' lang='grc' dir='ltr'><strong><em>χρόνον.</em></strong></span> <span class='ocrx_word' id='word_1_248' title='bbox 1322 2889 1586 2953; x_wconf 81' lang='lat' dir='ltr'><strong>Philem.</strong></span> <span class='ocrx_word' id='word_1_249' title='bbox 1635 2910 1793 2955; x_wconf 83' lang='lat' dir='ltr'><strong>com.</strong></span> <span class='ocrx_word' id='word_1_250' title='bbox 1840 2888 1952 2952; x_wconf 91' lang='lat' dir='ltr'><strong><em>IV.</em></strong></span> <span class='ocrx_word' id='word_1_251' title='bbox 2002 2892 2058 2953; x_wconf 90' lang='grc'><strong><em>6.</em></strong></span> <span class='ocrx_word' id='word_1_252' title='bbox 2104 2890 2222 2954; x_wconf 82' lang='grc' dir='ltr'><strong><em>τάκ</em></strong></span> <span class='ocrx_word' id='word_1_253' title='bbox 2287 2896 2397 2954; x_wconf 87' lang='grc' dir='ltr'><strong><em>τοῦ</em></strong></span> <span class='ocrx_word' id='word_1_254' title='bbox 2460 2891 2698 2973; x_wconf 89' lang='grc' dir='ltr'><strong><em>χρόνου</em></strong></span> <span class='ocrx_word' id='word_1_255' title='bbox 2762 2895 2875 2954; x_wconf 83' lang='grc' dir='ltr'><strong><em>τοῦ</em></strong></span> 
     </span>
     <span class='ocr_line' id='line_1_27' title="bbox 417 2977 2877 3062; baseline 0.001 -22"><span class='ocrx_word' id='word_1_256' title='bbox 417 2977 653 3049; x_wconf 82' lang='grc' dir='ltr'><strong><em>παντὸς</em></strong></span> <span class='ocrx_word' id='word_1_257' title='bbox 706 2980 898 3042; x_wconf 85' lang='grc' dir='ltr'><strong><em>εἴσετ’.</em></strong></span> <span class='ocrx_word' id='word_1_258' title='bbox 957 2978 1139 3042; x_wconf 82' lang='lat' dir='ltr'><strong>Pind.</strong></span> <span class='ocrx_word' id='word_1_259' title='bbox 1188 2978 1256 3042; x_wconf 90' lang='lat' dir='ltr'><strong><em>P.</em></strong></span> <span class='ocrx_word' id='word_1_260' title='bbox 1302 2977 1350 3042; x_wconf 92' lang='grc' dir='ltr'><strong><em>Ι.</em></strong></span> <span class='ocrx_word' id='word_1_261' title='bbox 1398 2978 1501 3041; x_wconf 88' lang='grc'><strong>46.</strong></span> <span class='ocrx_word' id='word_1_262' title='bbox 1550 2980 1588 3043; x_wconf 98' lang='lat'><em>6</em></span> <span class='ocrx_word' id='word_1_263' title='bbox 1632 2984 1760 3050; x_wconf 86' lang='grc' dir='ltr'><strong><em>πᾶς</em></strong></span> <span class='ocrx_word' id='word_1_264' title='bbox 1803 2979 2055 3062; x_wconf 87' lang='grc' dir='ltr'><strong><em>χρόνος.</em></strong></span> <span class='ocrx_word' id='word_1_265' title='bbox 2121 2978 2215 3042; x_wconf 85' lang='grc'><strong>01.</strong></span> <span class='ocrx_word' id='word_1_266' title='bbox 2264 2978 2374 3043; x_wconf 89' lang='lat' dir='ltr'><strong><em>VI.</em></strong></span> <span class='ocrx_word' id='word_1_267' title='bbox 2426 2981 2525 3042; x_wconf 89' lang='grc'><strong><em>36.</em></strong></span> <span class='ocrx_word' id='word_1_268' title='bbox 2582 2980 2651 3043; x_wconf 79' lang='grc' dir='ltr'><strong><em>ἐν</em></strong></span> <span class='ocrx_word' id='word_1_269' title='bbox 2694 2979 2877 3043; x_wconf 77' lang='grc' dir='ltr'><strong><em>παντὶ</em></strong></span> 
     </span>
     <span class='ocr_line' id='line_1_28' title="bbox 416 3065 2875 3153; baseline 0.001 -22"><span class='ocrx_word' id='word_1_270' title='bbox 416 3067 653 3150; x_wconf 85' lang='grc' dir='ltr'><strong><em>χρόνῳ.</em></strong></span> <span class='ocrx_word' id='word_1_271' title='bbox 713 3068 902 3131; x_wconf 83' lang='lat' dir='ltr'><strong>Anth.</strong></span> <span class='ocrx_word' id='word_1_272' title='bbox 950 3068 1081 3131; x_wconf 78' lang='lat' dir='ltr'><strong>Pal.</strong></span> <span class='ocrx_word' id='word_1_273' title='bbox 1127 3065 1211 3130; x_wconf 88' lang='lat' dir='ltr'><strong><em>X.</em></strong></span> <span class='ocrx_word' id='word_1_274' title='bbox 1265 3068 1405 3131; x_wconf 92' lang='grc'><strong>100.</strong></span> <span class='ocrx_word' id='word_1_275' title='bbox 1471 3067 1847 3151; x_wconf 77' lang='grc' dir='ltr'><strong><em>ἀνθρώποις</em></strong></span> <span class='ocrx_word' id='word_1_276' title='bbox 1910 3069 2118 3151; x_wconf 80' lang='grc' dir='ltr'><strong><em>ὀλίγος</em></strong></span> <span class='ocrx_word' id='word_1_277' title='bbox 2178 3069 2299 3151; x_wconf 80' lang='grc' dir='ltr'><strong><em>μὲν</em></strong></span> <span class='ocrx_word' id='word_1_278' title='bbox 2353 3069 2391 3132; x_wconf 98' lang='lat'><em>6</em></span> <span class='ocrx_word' id='word_1_279' title='bbox 2444 3074 2570 3139; x_wconf 90' lang='grc' dir='ltr'><strong><em>πᾶς</em></strong></span> <span class='ocrx_word' id='word_1_280' title='bbox 2624 3070 2875 3153; x_wconf 83' lang='grc' dir='ltr'><strong><em>χρόνος,</em></strong></span> 
     </span>
     <span class='ocr_line' id='line_1_29' title="bbox 419 3155 2873 3241; baseline 0.001 -21"><span class='ocrx_word' id='word_1_281' title='bbox 419 3159 494 3220; x_wconf 89' lang='grc' dir='ltr'><strong><em>ὃν</em></strong></span> <span class='ocrx_word' id='word_1_282' title='bbox 524 3163 639 3221; x_wconf 83' lang='lat' dir='ltr'><strong>etc.</strong></span> <span class='ocrx_word' id='word_1_283' title='bbox 687 3155 867 3221; x_wconf 82' lang='lat' dir='ltr'><strong>Dem.</strong></span> <span class='ocrx_word' id='word_1_284' title='bbox 916 3157 995 3222; x_wconf 83' lang='lat' dir='ltr'><strong><em>de</em></strong></span> <span class='ocrx_word' id='word_1_285' title='bbox 1043 3155 1182 3220; x_wconf 84' lang='lat' dir='ltr'><strong>Cor.</strong></span> <span class='ocrx_word' id='word_1_286' title='bbox 1230 3158 1374 3221; x_wconf 87' lang='grc'><strong>203.</strong></span> <span class='ocrx_word' id='word_1_287' title='bbox 1440 3158 1513 3221; x_wconf 88' lang='grc' dir='ltr'><strong><em>ἐκ</em></strong></span> <span class='ocrx_word' id='word_1_288' title='bbox 1576 3158 1812 3228; x_wconf 86' lang='grc' dir='ltr'><strong><em>παντὸς</em></strong></span> <span class='ocrx_word' id='word_1_289' title='bbox 1865 3165 1976 3222; x_wconf 88' lang='grc' dir='ltr'><strong><em>τοῦ</em></strong></span> <span class='ocrx_word' id='word_1_290' title='bbox 2023 3159 2093 3235; x_wconf 85' lang='lat' dir='ltr'><strong><em>(l.</em></strong></span> <span class='ocrx_word' id='word_1_291' title='bbox 2139 3164 2250 3221; x_wconf 82' lang='grc' dir='ltr'><strong><em>τοῦ</em></strong></span> <span class='ocrx_word' id='word_1_292' title='bbox 2296 3157 2564 3237; x_wconf 86' lang='grc' dir='ltr'><strong><em>παντὸς)</em></strong></span> <span class='ocrx_word' id='word_1_293' title='bbox 2616 3159 2873 3241; x_wconf 90' lang='grc' dir='ltr'><strong><em>χρόνου.</em></strong></span> 
     </span>
     <span class='ocr_line' id='line_1_30' title="bbox 422 3246 2875 3331; baseline 0.001 -23"><span class='ocrx_word' id='word_1_294' title='bbox 422 3266 478 3329; x_wconf 89' lang='lat' dir='ltr'><strong><em>p.</em></strong></span> <span class='ocrx_word' id='word_1_295' title='bbox 516 3248 660 3310; x_wconf 88' lang='lat'><strong>184.</strong></span> <span class='ocrx_word' id='word_1_296' title='bbox 705 3246 815 3309; x_wconf 86' lang='grc' dir='ltr'><strong><em>τὸν</em></strong></span> <span class='ocrx_word' id='word_1_297' title='bbox 861 3247 1106 3310; x_wconf 83' lang='grc' dir='ltr'><strong><em>ἅπαντα</em></strong></span> <span class='ocrx_word' id='word_1_298' title='bbox 1153 3247 1403 3329; x_wconf 89' lang='grc' dir='ltr'><strong><em>χρόνον.</em></strong></span> <span class='ocrx_word' id='word_1_299' title='bbox 1450 3247 1762 3330; x_wconf 80' lang='lat' dir='ltr'><strong>Hyperid.</strong></span> <span class='ocrx_word' id='word_1_300' title='bbox 1812 3247 2099 3331; x_wconf 78' lang='lat' dir='ltr'><strong>Epitaph.</strong></span> <span class='ocrx_word' id='word_1_301' title='bbox 2154 3249 2295 3310; x_wconf 87' lang='lat'><strong>145.</strong></span> <span class='ocrx_word' id='word_1_302' title='bbox 2344 3248 2430 3317; x_wconf 78' lang='grc' dir='ltr'><strong><em>εἰς</em></strong></span> <span class='ocrx_word' id='word_1_303' title='bbox 2474 3246 2584 3310; x_wconf 88' lang='grc' dir='ltr'><strong><em>τὸν</em></strong></span> <span class='ocrx_word' id='word_1_304' title='bbox 2629 3249 2875 3311; x_wconf 82' lang='grc' dir='ltr'><strong><em>ἅπαντα</em></strong></span> 
     </span>
     <span class='ocr_line' id='line_1_31' title="bbox 417 3334 2876 3420; baseline 0.001 -21"><span class='ocrx_word' id='word_1_305' title='bbox 417 3335 672 3418; x_wconf 89' lang='grc' dir='ltr'><strong><em>χρόνον.</em></strong></span> <span class='ocrx_word' id='word_1_306' title='bbox 727 3336 963 3401; x_wconf 84' lang='lat' dir='ltr'><strong>Herod.</strong></span> <span class='ocrx_word' id='word_1_307' title='bbox 1009 3335 1058 3399; x_wconf 91' lang='lat' dir='ltr'><strong><em>I.</em></strong></span> <span class='ocrx_word' id='word_1_308' title='bbox 1108 3337 1210 3398; x_wconf 87' lang='lat'><strong>85.</strong></span> <span class='ocrx_word' id='word_1_309' title='bbox 1267 3334 1375 3399; x_wconf 87' lang='grc' dir='ltr'><strong><em>τὸν</em></strong></span> <span class='ocrx_word' id='word_1_310' title='bbox 1427 3337 1631 3400; x_wconf 87' lang='grc' dir='ltr'><strong><em>πάντα</em></strong></span> <span class='ocrx_word' id='word_1_311' title='bbox 1689 3337 1925 3420; x_wconf 87' lang='grc' dir='ltr'><strong><em>χρόνον</em></strong></span> <span class='ocrx_word' id='word_1_312' title='bbox 1977 3343 2089 3420; x_wconf 89' lang='grc' dir='ltr'><strong><em>τῆς</em></strong></span> <span class='ocrx_word' id='word_1_313' title='bbox 2144 3337 2312 3419; x_wconf 87' lang='grc' dir='ltr'><strong><em>ζόης.</em></strong></span> <span class='ocrx_word' id='word_1_314' title='bbox 2371 3336 2451 3399; x_wconf 92' lang='grc' dir='ltr'><strong><em>Π.</em></strong></span> <span class='ocrx_word' id='word_1_315' title='bbox 2507 3338 2602 3399; x_wconf 93' lang='grc'><strong><em>13.</em></strong></span> <span class='ocrx_word' id='word_1_316' title='bbox 2651 3339 2709 3399; x_wconf 86' lang='grc'><strong>4.</strong></span> <span class='ocrx_word' id='word_1_317' title='bbox 2768 3336 2876 3401; x_wconf 86' lang='grc' dir='ltr'><strong><em>τὸν</em></strong></span> 
     </span>
     <span class='ocr_line' id='line_1_32' title="bbox 418 3424 2875 3509; baseline 0.001 -23"><span class='ocrx_word' id='word_1_318' title='bbox 418 3426 619 3488; x_wconf 84' lang='grc' dir='ltr'><strong><em>πάντα</em></strong></span> <span class='ocrx_word' id='word_1_319' title='bbox 665 3425 916 3508; x_wconf 89' lang='grc' dir='ltr'><strong><em>χρόνον.</em></strong></span> <span class='ocrx_word' id='word_1_320' title='bbox 982 3425 1092 3489; x_wconf 91' lang='lat' dir='ltr'><strong><em>VI.</em></strong></span> <span class='ocrx_word' id='word_1_321' title='bbox 1145 3427 1288 3488; x_wconf 88' lang='grc'><strong>123.</strong></span> <span class='ocrx_word' id='word_1_322' title='bbox 1350 3424 1459 3489; x_wconf 88' lang='grc' dir='ltr'><strong><em>τὸν</em></strong></span> <span class='ocrx_word' id='word_1_323' title='bbox 1511 3427 1714 3489; x_wconf 88' lang='grc' dir='ltr'><strong><em>πάντα</em></strong></span> <span class='ocrx_word' id='word_1_324' title='bbox 1769 3426 2020 3509; x_wconf 91' lang='grc' dir='ltr'><strong><em>χρόνον.</em></strong></span> <span class='ocrx_word' id='word_1_325' title='bbox 2076 3424 2192 3489; x_wconf 86' lang='grc' dir='ltr'><strong><em>ΙΧ.</em></strong></span> <span class='ocrx_word' id='word_1_326' title='bbox 2243 3428 2344 3489; x_wconf 89' lang='grc'><strong><em>73.</em></strong></span> <span class='ocrx_word' id='word_1_327' title='bbox 2400 3426 2465 3495; x_wconf 84' lang='grc' dir='ltr'><strong><em>ἐς</em></strong></span> <span class='ocrx_word' id='word_1_328' title='bbox 2517 3426 2627 3489; x_wconf 87' lang='grc' dir='ltr'><strong><em>τὸν</em></strong></span> <span class='ocrx_word' id='word_1_329' title='bbox 2670 3426 2875 3489; x_wconf 86' lang='grc' dir='ltr'><strong><em>πάντα</em></strong></span> 
     </span>
    </p>
   </div>
   <div class='ocr_carea' id='block_1_6' title="bbox 417 3514 667 3597">
    <p class='ocr_par' dir='ltr' id='par_1_10' title="bbox 417 3514 667 3597">
     <span class='ocr_line' id='line_1_33' title="bbox 417 3514 667 3597; baseline 0 -20"><span class='ocrx_word' id='word_1_330' title='bbox 417 3514 667 3597; x_wconf 89' lang='grc' dir='ltr'><strong><em>χρόνον.</em></strong></span> 
     </span>
    </p>
   </div>
   <div class='ocr_carea' id='block_1_7' title="bbox 415 3621 2876 3974">
    <p class='ocr_par' dir='ltr' id='par_1_11' title="bbox 602 3621 2775 3707">
     <span class='ocr_line' id='line_1_34' title="bbox 602 3621 2775 3707; baseline 0 -24"><span class='ocrx_word' id='word_1_331' title='bbox 602 3621 789 3685; x_wconf 90' lang='grc'><strong>1256.</strong></span> <span class='ocrx_word' id='word_1_332' title='bbox 837 3623 1026 3704; x_wconf 84' lang='grc' dir='ltr'><strong><em>ἔσχον</em></strong></span> <span class='ocrx_word' id='word_1_333' title='bbox 1073 3622 1191 3707; x_wconf 88' lang='grc'><strong><em>-]</em></strong></span> <span class='ocrx_word' id='word_1_334' title='bbox 1239 3621 1332 3686; x_wconf 82' lang='lat' dir='ltr'><strong><em>Cf.</em></strong></span> <span class='ocrx_word' id='word_1_335' title='bbox 1384 3624 1571 3687; x_wconf 86' lang='lat'><strong>1013.</strong></span> <span class='ocrx_word' id='word_1_336' title='bbox 1617 3628 1774 3686; x_wconf 86' lang='grc' dir='ltr'><strong><em>νοῦν</em></strong></span> <span class='ocrx_word' id='word_1_337' title='bbox 1818 3622 1963 3706; x_wconf 81' lang='grc' dir='ltr'><strong><em>σχὲς</em></strong></span> <span class='ocrx_word' id='word_1_338' title='bbox 2008 3621 2164 3685; x_wconf 83' lang='grc' dir='ltr'><strong><em>ἀλλὰ</em></strong></span> <span class='ocrx_word' id='word_1_339' title='bbox 2210 3630 2303 3705; x_wconf 72' lang='grc' dir='ltr'><strong><em>τῳ·</em></strong></span> <span class='ocrx_word' id='word_1_340' title='bbox 2346 3622 2564 3705; x_wconf 86' lang='grc' dir='ltr'><strong><em>χρόνῳ</em></strong></span> <span class='ocrx_word' id='word_1_341' title='bbox 2609 3623 2775 3686; x_wconf 85' lang='grc' dir='ltr'><strong><em>ποτέ.</em></strong></span> 
     </span>
    </p>

    <p class='ocr_par' dir='ltr' id='par_1_12' title="bbox 415 3710 2876 3974">
     <span class='ocr_line' id='line_1_35' title="bbox 601 3710 2876 3795; baseline 0 -22"><span class='ocrx_word' id='word_1_342' title='bbox 601 3711 788 3775; x_wconf 88' lang='grc'><strong>1259.</strong></span> <span class='ocrx_word' id='word_1_343' title='bbox 838 3710 928 3775; x_wconf 87' lang='lat' dir='ltr'><strong><em>Cf.</em></strong></span> <span class='ocrx_word' id='word_1_344' title='bbox 961 3711 1188 3777; x_wconf 81' lang='lat' dir='ltr'><strong>Aesch.</strong></span> <span class='ocrx_word' id='word_1_345' title='bbox 1222 3714 1340 3795; x_wconf 84' lang='lat' dir='ltr'><strong><em>Ag.</em></strong></span> <span class='ocrx_word' id='word_1_346' title='bbox 1377 3714 1520 3775; x_wconf 88' lang='grc'><strong>925.</strong></span> <span class='ocrx_word' id='word_1_347' title='bbox 1565 3711 1827 3795; x_wconf 81' lang='grc' dir='ltr'><strong><em>μακρὰν</em></strong></span> <span class='ocrx_word' id='word_1_348' title='bbox 1859 3711 1981 3794; x_wconf 81' lang='grc' dir='ltr'><strong><em>γὰρ</em></strong></span> <span class='ocrx_word' id='word_1_349' title='bbox 2012 3712 2330 3786; x_wconf 80' lang='grc' dir='ltr'><strong><em>ἐξέτεινας.</em></strong></span> <span class='ocrx_word' id='word_1_350' title='bbox 2384 3712 2569 3775; x_wconf 88' lang='grc'><strong>1296.</strong></span> <span class='ocrx_word' id='word_1_351' title='bbox 2615 3711 2876 3794; x_wconf 83' lang='grc' dir='ltr'><strong><em>μακρὰν</em></strong></span> 
     </span>
     <span class='ocr_line' id='line_1_36' title="bbox 418 3799 2876 3884; baseline 0 -20"><span class='ocrx_word' id='word_1_352' title='bbox 418 3801 662 3870; x_wconf 78' lang='grc' dir='ltr'><strong><em>ἔτεινας.</em></strong></span> <span class='ocrx_word' id='word_1_353' title='bbox 711 3799 861 3864; x_wconf 85' lang='lat' dir='ltr'><strong>Eur.</strong></span> <span class='ocrx_word' id='word_1_354' title='bbox 911 3800 1074 3864; x_wconf 78' lang='lat' dir='ltr'><strong>Med.</strong></span> <span class='ocrx_word' id='word_1_355' title='bbox 1129 3801 1316 3864; x_wconf 88' lang='lat'><strong>1318.</strong></span> <span class='ocrx_word' id='word_1_356' title='bbox 1360 3801 1621 3884; x_wconf 85' lang='grc' dir='ltr'><strong><em>μακρὰν</em></strong></span> <span class='ocrx_word' id='word_1_357' title='bbox 1666 3804 1748 3865; x_wconf 81' lang='grc' dir='ltr'><strong><em>ἂν</em></strong></span> <span class='ocrx_word' id='word_1_358' title='bbox 1793 3802 2056 3875; x_wconf 77' lang='grc' dir='ltr'><strong><em>ἐξέτεινα</em></strong></span> <span class='ocrx_word' id='word_1_359' title='bbox 2106 3806 2222 3866; x_wconf 80' lang='lat' dir='ltr'><strong>eto.</strong></span> <span class='ocrx_word' id='word_1_360' title='bbox 2278 3800 2412 3884; x_wconf 89' lang='lat' dir='ltr'><strong>Iph.</strong></span> <span class='ocrx_word' id='word_1_361' title='bbox 2461 3802 2538 3864; x_wconf 88' lang='lat' dir='ltr'><strong>A.</strong></span> <span class='ocrx_word' id='word_1_362' title='bbox 2586 3802 2735 3865; x_wconf 91' lang='grc'><strong>420.</strong></span> <span class='ocrx_word' id='word_1_363' title='bbox 2782 3802 2876 3872; x_wconf 82' lang='grc' dir='ltr'><strong><em>ὡς</em></strong></span> 
     </span>
     <span class='ocr_line' id='line_1_37' title="bbox 415 3888 2873 3974; baseline -0 -21"><span class='ocrx_word' id='word_1_364' title='bbox 415 3888 675 3972; x_wconf 81' lang='grc' dir='ltr'><strong><em>μακρὰν</em></strong></span> <span class='ocrx_word' id='word_1_365' title='bbox 720 3891 968 3953; x_wconf 75' lang='grc' dir='ltr'><strong><em>ἔτεινον.</em></strong></span> <span class='ocrx_word' id='word_1_366' title='bbox 1031 3890 1187 3955; x_wconf 74' lang='lat' dir='ltr'><strong>Hoc.</strong></span> <span class='ocrx_word' id='word_1_367' title='bbox 1240 3891 1427 3954; x_wconf 88' lang='grc'><strong>1177.</strong></span> <span class='ocrx_word' id='word_1_368' title='bbox 1493 3892 1586 3962; x_wconf 87' lang='grc' dir='ltr'><strong><em>ὡς</em></strong></span> <span class='ocrx_word' id='word_1_369' title='bbox 1648 3890 1740 3974; x_wconf 87' lang='grc' dir='ltr'><strong><em>μὴ</em></strong></span> <span class='ocrx_word' id='word_1_370' title='bbox 1795 3889 2091 3974; x_wconf 84' lang='grc' dir='ltr'><strong><em>μακροὺς</em></strong></span> <span class='ocrx_word' id='word_1_371' title='bbox 2143 3891 2324 3955; x_wconf 87' lang='grc' dir='ltr'><strong><em>τείνω</em></strong></span> <span class='ocrx_word' id='word_1_372' title='bbox 2380 3890 2625 3973; x_wconf 80' lang='grc' dir='ltr'><strong><em>λόγους.</em></strong></span> <span class='ocrx_word' id='word_1_373' title='bbox 2682 3892 2873 3955; x_wconf 82' lang='lat' dir='ltr'><strong>Arist.</strong></span> 
     </span>
    </p>
   </div>
   <div class='ocr_carea' id='block_1_8' title="bbox 414 3978 2873 4153">
    <p class='ocr_par' dir='ltr' id='par_1_13' title="bbox 414 3978 2873 4153">
     <span class='ocr_line' id='line_1_38' title="bbox 417 3978 2873 4064; baseline 0 -22"><span class='ocrx_word' id='word_1_374' title='bbox 417 3978 525 4042; x_wconf 83' lang='lat' dir='ltr'><strong><em>Th.</em></strong></span> <span class='ocrx_word' id='word_1_375' title='bbox 575 3981 720 4043; x_wconf 90' lang='grc'><strong>382.</strong></span> <span class='ocrx_word' id='word_1_376' title='bbox 784 3978 1045 4061; x_wconf 84' lang='grc' dir='ltr'><strong><em>μακρὰν</em></strong></span> <span class='ocrx_word' id='word_1_377' title='bbox 1108 3981 1276 4044; x_wconf 81' lang='grc' dir='ltr'><strong><em>ἔοικε</em></strong></span> <span class='ocrx_word' id='word_1_378' title='bbox 1339 3981 1550 4054; x_wconf 78' lang='grc' dir='ltr'><strong><em>λέξειν.</em></strong></span> <span class='ocrx_word' id='word_1_379' title='bbox 1627 3981 1783 4045; x_wconf 71' lang='lat' dir='ltr'><strong>Aah.</strong></span> <span class='ocrx_word' id='word_1_380' title='bbox 1831 3982 1979 4043; x_wconf 92' lang='grc'><strong>416.</strong></span> <span class='ocrx_word' id='word_1_381' title='bbox 2056 3980 2213 4044; x_wconf 72' lang='lat' dir='ltr'><strong>Plat.</strong></span> <span class='ocrx_word' id='word_1_382' title='bbox 2270 3980 2457 4064; x_wconf 82' lang='lat' dir='ltr'><strong>Resp.</strong></span> <span class='ocrx_word' id='word_1_383' title='bbox 2506 3979 2588 4043; x_wconf 89' lang='lat' dir='ltr'><strong><em>X.</em></strong></span> <span class='ocrx_word' id='word_1_384' title='bbox 2638 3980 2766 4043; x_wconf 82' lang='lat'><strong><em>605</em></strong></span> <span class='ocrx_word' id='word_1_385' title='bbox 2797 3980 2873 4045; x_wconf 90' lang='lat' dir='ltr'><strong><em>D.</em></strong></span> 
     </span>
     <span class='ocr_line' id='line_1_39' title="bbox 414 4068 2872 4153; baseline 0.001 -22"><span class='ocrx_word' id='word_1_386' title='bbox 414 4068 676 4151; x_wconf 83' lang='grc' dir='ltr'><strong><em>μακρὰν</em></strong></span> <span class='ocrx_word' id='word_1_387' title='bbox 730 4070 914 4152; x_wconf 82' lang='grc' dir='ltr'><strong><em>ῥῆσιν</em></strong></span> <span class='ocrx_word' id='word_1_388' title='bbox 970 4069 1408 4141; x_wconf 81' lang='grc' dir='ltr'><strong><em>ἀποτείνοντας</em></strong></span> <span class='ocrx_word' id='word_1_389' title='bbox 1454 4070 1960 4153; x_wconf 67' lang='grc' dir='ltr'><strong><em>(ἐκτείνονταςῗ).</em></strong></span> <span class='ocrx_word' id='word_1_390' title='bbox 2007 4068 2244 4134; x_wconf 81' lang='lat' dir='ltr'><strong>Herod.</strong></span> <span class='ocrx_word' id='word_1_391' title='bbox 2294 4069 2437 4132; x_wconf 89' lang='lat' dir='ltr'><strong>VII.</strong></span> <span class='ocrx_word' id='word_1_392' title='bbox 2488 4070 2588 4132; x_wconf 87' lang='lat'><strong><em>51.</em></strong></span> <span class='ocrx_word' id='word_1_393' title='bbox 2636 4070 2872 4133; x_wconf 87' lang='grc' dir='ltr'><strong><em>πλεῦνα</em></strong></span> 
     </span>
    </p>
   </div>
   <div class='ocr_carea' id='block_1_9' title="bbox 416 4157 933 4240">
    <p class='ocr_par' dir='ltr' id='par_1_14' title="bbox 416 4157 933 4240">
     <span class='ocr_line' id='line_1_40' title="bbox 416 4157 933 4240; baseline 0.002 -20"><span class='ocrx_word' id='word_1_394' title='bbox 416 4157 609 4240; x_wconf 80' lang='grc' dir='ltr'><strong><em>λόγον</em></strong></span> <span class='ocrx_word' id='word_1_395' title='bbox 654 4158 933 4222; x_wconf 84' lang='grc' dir='ltr'><strong><em>ἐκτεῖναι.</em></strong></span> 
     </span>
    </p>
   </div>
   <div class='ocr_carea' id='block_1_10' title="bbox 415 4256 2872 4623">
    <p class='ocr_par' dir='ltr' id='par_1_15' title="bbox 415 4256 2872 4623">
     <span class='ocr_line' id='line_1_41' title="bbox 599 4256 2872 4350; baseline -0.001 -22"><span class='ocrx_word' id='word_1_396' title='bbox 599 4265 789 4329; x_wconf 87' lang='grc'><strong>1263.</strong></span> <span class='ocrx_word' id='word_1_397' title='bbox 838 4264 928 4328; x_wconf 85' lang='lat' dir='ltr'><strong><em>Cf.</em></strong></span> <span class='ocrx_word' id='word_1_398' title='bbox 986 4265 1132 4329; x_wconf 87' lang='lat' dir='ltr'><strong>Eur.</strong></span> <span class='ocrx_word' id='word_1_399' title='bbox 1181 4265 1274 4330; x_wconf 82' lang='lat' dir='ltr'><strong><em>El.</em></strong></span> <span class='ocrx_word' id='word_1_400' title='bbox 1325 4267 1470 4330; x_wconf 85' lang='lat'><strong>573.</strong></span> <span class='ocrx_word' id='word_1_401' title='bbox 1535 4264 1594 4329; x_wconf 85' lang='grc' dir='ltr'><strong><em>ὦ</em></strong></span> <span class='ocrx_word' id='word_1_402' title='bbox 1655 4256 1876 4350; x_wconf 86' lang='grc' dir='ltr'><strong><em>χρόνῳ</em></strong></span> <span class='ocrx_word' id='word_1_403' title='bbox 1940 4267 2186 4350; x_wconf 77' lang='grc' dir='ltr'><strong><em>φανεὶς,</em></strong></span> <span class='ocrx_word' id='word_1_404' title='bbox 2252 4267 2383 4349; x_wconf 81' lang='grc' dir='ltr'><strong><em>ἔχω</em></strong></span> <span class='ocrx_word' id='word_1_405' title='bbox 2449 4267 2507 4329; x_wconf 85' lang='grc' dir='ltr'><strong><em>σ’</em></strong></span> <span class='ocrx_word' id='word_1_406' title='bbox 2573 4266 2872 4336; x_wconf 85' lang='grc' dir='ltr'><strong><em>ἀέλπτως.</em></strong></span> 
     </span>
     <span class='ocr_line' id='line_1_42' title="bbox 416 4355 2872 4529; baseline 0 -22"><span class='ocrx_word' id='word_1_407' title='bbox 416 4356 554 4419; x_wconf 41' lang='lat' dir='ltr'><strong>Alc.</strong></span> <span class='ocrx_word' id='word_1_408' title='bbox 602 4355 797 4507; x_wconf 59' lang='lat'><strong>121733.</strong></span> <span class='ocrx_word' id='word_1_409' title='bbox 834 4444 1056 4528; x_wconf 88' lang='grc' dir='ltr'><strong><em>χρόνῳ</em></strong></span> <span class='ocrx_word' id='word_1_410' title='bbox 1101 4444 1372 4529; x_wconf 80' lang='grc' dir='ltr'><strong><em>μακρῷ]</em></strong></span> <span class='ocrx_word' id='word_1_411' title='bbox 1422 4443 1514 4507; x_wconf 83' lang='lat' dir='ltr'><strong><em>Cf.</em></strong></span> <span class='ocrx_word' id='word_1_412' title='bbox 1560 4444 1658 4509; x_wconf 87' lang='lat' dir='ltr'><strong><em>Tr.</em></strong></span> <span class='ocrx_word' id='word_1_413' title='bbox 1708 4446 1855 4507; x_wconf 87' lang='grc'><strong>227.</strong></span> <span class='ocrx_word' id='word_1_414' title='bbox 1905 4446 2130 4510; x_wconf 82' lang='lat' dir='ltr'><strong>Aesch.</strong></span> <span class='ocrx_word' id='word_1_415' title='bbox 2163 4447 2280 4527; x_wconf 85' lang='lat' dir='ltr'><strong><em>Ag.</em></strong></span> <span class='ocrx_word' id='word_1_416' title='bbox 2316 4446 2461 4507; x_wconf 82' lang='lat'><strong>521.</strong></span> <span class='ocrx_word' id='word_1_417' title='bbox 2599 4443 2757 4508; x_wconf 77' lang='grc' dir='ltr'><strong><em>ὁδὸν</em></strong></span> <span class='ocrx_word' id='word_1_418' title='bbox 2789 4481 2872 4491; x_wconf 89' lang='lat'><strong><em>——</em></strong></span> 
     </span>
     <span class='ocr_line' id='line_1_43' title="bbox 415 4532 2871 4623; baseline 0.001 -27"><span class='ocrx_word' id='word_1_419' title='bbox 415 4532 728 4618; x_wconf 82' lang='grc' dir='ltr'><strong><em>φανῆναι]</em></strong></span> <span class='ocrx_word' id='word_1_420' title='bbox 794 4534 884 4599; x_wconf 82' lang='lat' dir='ltr'><strong><em>Cf.</em></strong></span> <span class='ocrx_word' id='word_1_421' title='bbox 934 4536 1033 4617; x_wconf 89' lang='lat' dir='ltr'><strong><em>Aj.</em></strong></span> <span class='ocrx_word' id='word_1_422' title='bbox 1082 4536 1229 4599; x_wconf 90' lang='grc'><strong>877.</strong></span> <span class='ocrx_word' id='word_1_423' title='bbox 1294 4534 1429 4597; x_wconf 82' lang='grc' dir='ltr'><strong><em>ἀλλ’</em></strong></span> <span class='ocrx_word' id='word_1_424' title='bbox 1486 4535 1638 4598; x_wconf 75' lang='grc' dir='ltr'><strong>οὐδὲ</strong></span> <span class='ocrx_word' id='word_1_425' title='bbox 1691 4535 1811 4618; x_wconf 82' lang='grc' dir='ltr'><strong><em>μὲν</em></strong></span> <span class='ocrx_word' id='word_1_426' title='bbox 1877 4534 1956 4619; x_wconf 78' lang='grc' dir='ltr'><strong><em>δὴ</em></strong></span> <span class='ocrx_word' id='word_1_427' title='bbox 2023 4535 2136 4618; x_wconf 88' lang='grc' dir='ltr'><strong><em>τὴν</em></strong></span> <span class='ocrx_word' id='word_1_428' title='bbox 2190 4534 2304 4617; x_wconf 81' lang='grc' dir='ltr'><strong><em>ἀφ’</em></strong></span> <span class='ocrx_word' id='word_1_429' title='bbox 2361 4534 2540 4617; x_wconf 84' lang='grc' dir='ltr'><strong><em>ἡλίου</em></strong></span> <span class='ocrx_word' id='word_1_430' title='bbox 2595 4534 2813 4618; x_wconf 85' lang='grc' dir='ltr'><strong><em>βολῶν</em></strong></span> <span class='ocrx_word' id='word_1_431' title='bbox 2862 4532 2871 4623; x_wconf 79' lang='grc' dir='ltr'>Ι</span> 
     </span>
    </p>
   </div>
  </div>
 </body>
</html>
