3463 5287
1446 429 1806 473 mmmmm
2720 408 2848 472 475

585 589 727 651 733.
773 588 1022 670 μαστὴρ
1067 587 1337 672 πατρὸς]
1386 587 1475 653 Cf.
1509 586 1666 652 0.0.
1699 588 1848 650 456.
1893 586 2182 670 Κρέοντα
2222 588 2607 671 πεμπόντων
2640 588 2799 671 ἐμοῦ
2835 580 2849 676 Ι

392 684 704 761 μαστῆρα.
753 676 998 742 Carcin.
1043 676 1141 741 Fr.
1192 678 1248 759 5,
1283 679 1338 740 5.
1385 678 1584 761 κόρης
1627 683 1939 761 μαστῆρα.

579 769 723 830 736.
770 767 981 850 λῴους
1026 768 1264 849 φρένας
1311 805 1392 813 -
1442 767 1863 850 ἀμείψασθαι]
1907 765 1998 830 Cf.
2032 767 2195 831 Phil.
2232 767 2421 831 1078.
2453 765 2682 850 χοῦτος
2710 766 2848 849 τάχ’

393 859 477 920 ἃν
522 856 832 940 φρόνησιν
878 858 945 919 ἐν
988 857 1191 938 τούτῳ
1237 855 1419 945 λάβοι
1461 856 1469 938 Ι
1509 856 1662 939 λῴω
1709 855 1818 919 τιν’
1866 858 2017 939 ἡμῖν
2064 856 2125 938 (l.
2173 859 2212 939 ἢ
2261 858 2415 933 νῦν).
2462 857 2612 920 Ant.
2663 857 2848 920 1090.

394 945 507 1010 τὸν
553 951 706 1009 νοῦν
751 944 803 1007 τ’
852 945 1091 1027 ἀμείνω
1137 949 1266 1008 τῶν
1311 950 1569 1027 φρενῶν
1614 948 1654 1027 ἢ
1701 951 1816 1009 νῦν
1862 948 2011 1027 (τῶν
2056 951 2171 1009 νῦν
2184 947 2239 1025 Ρ)
2285 946 2519 1028 φέρειν.

579 1053 722 1116 737.
779 1051 1200 1135 ἀμείψασθαι]
1267 1051 1358 1116 Of.
1415 1053 1643 1117 Aesch.
1695 1049 1860 1135 Sept.
1912 1053 2057 1116 304.
2122 1059 2310 1117 ποῖον
2375 1051 2433 1115 δ’
2498 1053 2851 1135 ἀμείψεσθε

394 1143 577 1223 γαίας
639 1142 837 1205 πέδον
899 1141 1076 1205 τᾶσδ’
1139 1142 1352 1223 ὄρειον
1415 1166 1533 1217 -,·
1598 1140 1811 1225 Suppl.
1862 1144 2008 1205 232.
2085 1140 2237 1205 Hor.
2297 1141 2411 1206 Od.
2464 1141 2545 1205 II.
2599 1142 2697 1205 16.
2749 1142 2848 1205 18.

395 1230 598 1307 ‘Quid
646 1237 843 1295 terras
889 1231 1012 1294 alio
1061 1232 1338 1294 calentes
1379 1231 1387 1312 Ι
1427 1230 1558 1294 sole
1605 1230 2000 1294 mutamus?

575 1321 720 1437 741.
768 1321 1109 1402 ἐξήνεγκας
1158 1358 1240 1432 -ζ
1291 1319 1504 1432 λόγον]
1552 1318 1640 1382 Cf.
1687 1318 1839 1383 Eur.
1874 1320 2073 1429 Aiidr.
2108 1321 2252 1431 621.
2301 1321 2644 1403 ἐκφέρουσι
2692 1317 2845 1405 γάρΙ

392 1409 1245 1651 ἔέὗέῗζαιζξὲἶῖῲ,7ῗῖᾴρὲἔ.
1283 1409 2628 1582 {3⁴30‚yssssss‘cmi'sss'yssssssss‘bff‘ZZ‘ssff‘Ze‘ff‘ngZZ‘.
2654 1409 2846 1579 3035

393 1611 654 1659 καινους
743 1613 810 1652 ει.

578 1696 721 1759 743.
768 1695 839 1760 τὸ
887 1695 1007 1778 γὰρ
1054 1696 1304 1778 φανθὲν
1351 1695 1462 1780 —-]
1511 1695 1601 1760 Cf.
1640 1694 1740 1778 Aj.
1777 1694 1923 1759 378.
1971 1695 2197 1779 Agath.
2232 1696 2329 1760 Fr.
2365 1698 2421 1759 5.
2467 1695 2676 1779 μόνου
2724 1693 2847 1779 γὰρ

396 1785 591 1848 αὐτοῦ
655 1785 714 1864 (Ι.
761 1785 966 1867 μόνου
1016 1786 1085 1849 δὲ
1138 1785 1386 1865 τούτου)
1449 1785 1557 1849 καὶ
1619 1783 1775 1854 θεὸς
1830 1786 2230 1866 στερίσκεται,
2272 1785 2282 1867 Ι
2323 1785 2591 1868 ἀγένητα
2647 1791 2849 1849 ποιεῖν

396 1873 539 1938 ἅσσ’
586 1876 664 1937 ἂν
709 1874 752 1956 ᾖ
788 1876 1217 1957 πεπραγμένα.
1265 1875 1420 1939 Plat.
1461 1873 1727 1939 Phaedr.
1764 1874 1893 1937 246
1918 1876 1990 1936 A.
2039 1875 2108 1947 ἐξ
2152 1874 2437 1957 ἀνάγκης
2481 1874 2847 1958 ἀγένητόν

396 1988 460 2025 τε
505 1962 611 2026 καὶ
651 1963 974 2027 ἀθάνατον
1017 1964 1193 2047 ψυχὴ
1242 1967 1320 2026 ἂν
1367 1966 1477 2047 εἴη.
1542 1963 1697 2027 Hor.
1748 1962 1863 2026 Od.
1910 1961 2026 2026 III.
2075 1965 2176 2027 29.
2227 1962 2330 2026 46.
2382 1964 2619 2046 ‘neque
2670 1972 2678 2047 Ι
2731 1963 2851 2027 dif-

399 2052 597 2134 finget
642 2053 1074 2134 infectumque
1121 2053 1340 2117 reddet
1379 2054 1388 2132 Ι
1431 2054 1599 2136 quod
1646 2054 1899 2137 fugiens
1945 2052 2162 2121 semel,
2189 2053 2346 2116 hora
2390 2053 2607 2117 vexit)

579 2142 723 2204 747.
770 2141 892 2204 κοῦ
947 2141 1104 2204 κατὰ
1164 2142 1453 2223 γλῶσσαν
1498 2141 1738 2226 κλύων]
1794 2142 1840 2205 I.
1883 2161 1932 2205 e.
1989 2146 2053 2206 et
2096 2159 2226 2206 non
2274 2161 2359 2206 ex
2405 2161 2513 2206 ore
2559 2143 2847 2206 aliorum.

399 2231 693 2314 Anglice‚
751 2231 894 2293 and
941 2237 1073 2293 not
1115 2229 1212 2313 by
1260 2233 1460 2295 word
1508 2232 1586 2296 of
1628 2233 1882 2295 mouth
1931 2231 2057 2314 (by
2104 2231 2460 2313 hearsay).
2509 2229 2845 2296 Cf.Aesch.

395 2320 619 2402 Agam.
670 2321 817 2383 813.
867 2319 1046 2390 δίκας
1093 2319 1213 2401 γὰρ
1261 2322 1380 2383 οὐκ
1428 2319 1556 2383 ἀπὸ
1604 2321 1894 2404 γλώσσης
1939 2320 2079 2385 θεοὶ
2121 2320 2129 2403 Ι
2170 2320 2463 2390 κλύοντες
2506 2320 2631 2384 κτλ.

577 2426 720 2489 749.
771 2425 860 2490 Cf.
910 2425 979 2490 O.
1014 2424 1084 2489 R.
1123 2427 1309 2490 1110.
1357 2429 1414 2490 εἰ
1453 2428 1576 2510 χρή
1623 2451 1675 2491 τι
1721 2427 1890 2509 κάμὲ
1935 2428 2363 2510 σταθμᾶσθαι,
2395 2427 2520 2491 κτλ.
2570 2426 2662 2489 ΕΙ.
2700 2430 2846 2491 339.

576 2516 720 2578 753.
770 2514 860 2580 Cf.
907 2516 1136 2581 Aesoh.
1185 2515 1282 2579 Fr.
1335 2517 1478 2578 146.
1535 2516 1627 2587 οἷς
1672 2518 1740 2580 ἐν
1785 2516 1996 2599 Ἰδαίῳ
2050 2518 2243 2600 πάγῳ
2284 2516 2293 2599 Ι
2333 2516 2483 2588 Διὸς
2536 2515 2848 2599 πατρῴου

393 2605 622 2688 βωμός
675 2606 851 2669 ἐστιν.
916 2604 1071 2670 Plat.
1121 2605 1396 2689 Euthyd.
1446 2606 1591 2669 302.
1658 2605 1821 2677 Ζεὺς
1886 2605 1944 2669 δ’
2010 2608 2160 2690 ἡμῖν
2222 2614 2523 2690 πατρῷος
2584 2606 2703 2691 μὲν
2769 2608 2846 2671 οὗ

396 2695 694 2768 καλεῖται,
742 2697 985 2777 ἑρκεῖος
1034 2694 1103 2758 δὲ
1148 2695 1256 2759 καὶ
1300 2696 1622 2778 φράτριος.

577 2785 721 2847 754.
766 2783 1037 2868 βωμοὺς
1082 2784 1272 2867 ὁρίζει
1317 2786 1600 2868 τεμενίαν
1644 2809 1708 2849 τε
1754 2785 2079 2870 φυλλάδα]
2130 2784 2219 2849 Cf.
2263 2786 2410 2850 237.
2458 2786 2696 2851 Herod.
2729 2785 2845 2851 IH.

400 2873 542 2936 142.
594 2874 650 2935 2.
700 2872 847 2944 Διὸς
882 2873 1287 2956 Ἐλευθερίου
1332 2872 1563 2958 βωμὸν
1626 2875 1924 2957 ἱδρύσατο
1987 2874 2094 2938 καὶ
2156 2877 2414 2957 τέμενος
2467 2875 2609 2958 περὶ
2655 2874 2846 2940 αὐτὸν

397 2964 607 3046 οὔρισε
651 2968 852 3027 τοῦτο.

378 3109 382 3116 ‹
576 3070 720 3133 756.
767 3070 1169 3141 πολυθύτους
1217 3107 1300 3117 --
1348 3070 1622 3155 σφαγάς]
1672 3070 1762 3136 Cf.
1810 3070 1961 3134 Eur.
2007 3070 2144 3155 Iph.
2179 3073 2255 3134 A.
2293 3072 2434 3135 185.
2482 3071 2848 3136 πολύθυτον

396 3160 601 3231 ἄλσος.
647 3161 747 3244 Aj.
799 3161 944 3223 712.
992 3161 1285 3224 πάνθυτα
1333 3160 1561 3242 θέσμι’.
1640 3159 1946 3225 Similiter
1991 3160 2217 3226 Aesch.
2253 3160 2372 3244 Ag.
2410 3161 2598 3225 1168.
2632 3162 2848 3225 θυσίαι

398 3285 480 3294 —-
528 3248 917 3320 πολυκανεῖς.

577 3340 721 3402 759.
777 3338 1225 3423 προυξεφίεσο]
1282 3339 1370 3403 Cf.
1421 3339 1567 3403 Eur.
1616 3340 1715 3422 Aj.
1769 3341 1912 3403 795.
1979 3340 2295 3422 ἔξεφίεται.
2362 3339 2495 3423 Iph.
2542 3338 2606 3403 T.
2659 3340 2847 3403 1435.

395 3427 583 3491 τάσδε
639 3427 697 3490 δ’
754 3429 1095 3511 ἐκπέμπειν
1158 3429 1398 3511 χθονὸς
1459 3466 1538 3475 -
1599 3430 1935 3513 ἐξεφίεμαι.
2014 3427 2245 3494 Confer
2308 3430 2847 3512 προυξεπίσταμαι

399 3517 622 3582 Aesoh.
671 3517 878 3581 Prom.
932 3519 1075 3582 101.

576 3625 719 3689 760.
765 3625 1197 3710 ταυροκτονεῖ]
1249 3625 1336 3690 Cf.
1386 3625 1497 3689 Ph.
1546 3627 1694 3690 400.
1741 3626 2189 3708 ταυροκτόνων
2235 3626 2524 3691 λεόντων.

575 3716 718 3778 762.
766 3722 1052 3798 συμμιγῆ
1096 3716 1495 3800 βοσκήματα]
1546 3714 1634 3779 cf.
1682 3717 1783 3796 Aj.
1835 3717 1935 3779 53.

575 3803 719 3867 764.
767 3805 998 3888 κόσμῳ
1043 3829 1107 3869 τε
1154 3841 1239 3850 —-
1285 3805 1391 3869 καὶ
1437 3805 1650 3889 στολῇ]
1700 3804 1790 3868 Cf.
1839 3805 1989 3869 Eur.
2037 3805 2175 3870 Alo.
2216 3806 2357 3868 159.
2405 3806 2642 3888 ἐσθῆτα
2691 3805 2842 3870 κόσ-

391 3916 518 3974 μον
562 3892 629 3955 τ’.
812 3894 1183 3979 κατήρχετο]
1241 3894 1330 3958 Cf.
1378 3893 1564 3958 Hom.
1616 3892 1730 3957 Od.
1782 3896 1840 3974 3,
1872 3896 2021 3958 445.
2078 3895 2334 3978 χέρνιβά
2390 3895 2442 3957 τ’
2498 3894 2847 3977 οὐλοχύτας

392 4004 454 4044 τε
498 3983 862 4066 κατήρχετο.
910 3983 1187 4066 Hesych.
1233 3984 1697 4066 κατάρξασθαι;
1746 3989 1858 4048 τοῦ
1905 3985 2149 4066 ἱερείου.

573 4072 700 4134 765
733 4092 826 4155 sq.
876 4073 964 4137 Of.
1015 4072 1195 4138 Ovid.
1243 4071 1390 4136 Met.
1439 4072 1554 4137 IX.
1608 4074 1750 4136 161.
1809 4074 2107 4138 ‘incaluit
2154 4074 2250 4135 vis
2308 4072 2414 4136 issa
2467 4073 2619 4137 mali
2676 4092 2846 4137 reso-

392 4159 651 4244 lutaque
699 4160 972 4226 flammis
1011 4165 1021 4242 Ι
1061 4162 1414 4227 Herculeos
1461 4163 1618 4226 abiit
1662 4162 1784 4226 late
1832 4162 2061 4226 diffusa
2107 4181 2220 4246 per
2265 4163 2478 4226 artus)

573 4249 718 4314 765.
767 4250 1026 4335 ὀργίων]
1077 4249 1160 4315 Of.
1211 4252 1359 4315 Ant„
1397 4253 1585 4315 1013.
1639 4252 1862 4316 Aesoh.
1912 4253 2077 4335 Sept„
2119 4252 2259 4316 180.
2441 4250 2705 4335 ἐδαίετο]
2755 4250 2842 4314 Cf.

391 4338 540 4403 Eur.
586 4339 725 4403 Tro,
776 4341 923 4403 825.
972 4342 1012 4403 ἁ
1062 4341 1132 4405 δέ
1177 4365 1245 4405 σε
1292 4342 1623 4423 γειναμένα
1680 4341 1833 4423 πυρὶ
1891 4341 2136 4405 δαίεται.
2203 4341 2390 4405 Hom.
2437 4340 2510 4403 Il.
2563 4341 2664 4418 13,
2698 4342 2844 4404 227.

320 4486 324 4490 .
393 4428 522 4492 ἐπεὶ
568 4429 707 4493 ἴδον
762 4429 1093 4512 ἀκάματον
1138 4437 1267 4512 πῦρ
1308 4431 1317 4509 Ι
1360 4429 1564 4495 δεινὸν
1619 4430 1782 4513 ὑπὲρ
1838 4430 2122 4514 κεφαλῆς
2174 4430 2562 4513 μεγαθύμου
2609 4428 2840 4512 Πηλεί-

394 4540 560 4590 ωνος
600 4516 610 4602 Ι
654 4518 1007 4603 δαιόμενον.
1056 4520 1247 4584 Arist.
1294 4519 1439 4603 LyS.
1491 4520 1683 4583 1284.
