3463 5287
599 404 753 466 ·358
1014 456 1017 459 ,
1638 422 1889 469 orturus
1935 423 2058 466 unx

805 581 992 644 1066.
1039 587 1370 663 φρονοῦσα
1422 619 1503 627 -
1554 580 1655 666 εὖ]
1724 579 1812 642 Cf.
1860 581 1958 664 Aj.
2009 582 2153 644 491.
2220 579 2290 644 εὖ
2356 586 2585 664 φρονῶ
2639 581 2714 643 τὰ
2762 581 2861 644 σά.
2925 580 3074 645 ΕΗΓ.

621 671 822 736 Andr.
860 671 1003 733 146.
1049 670 1141 754 μὴ
1177 707 1258 716 -
1294 671 1398 735 σοί
1437 672 1507 753 μ’
1556 668 1625 734 εὖ
1658 675 2029 753 φρονοῦσαν
2074 671 2228 753 εἰδῇ.
2365 670 2437 733 τὰ
2484 671 2695 734 λῶστά
2742 694 2841 735 σοι
2887 669 3073 755 λέγω]

611 760 711 825 Cf.
760 759 987 824 Aesch.
1037 762 1152 843 Ag.
1210 761 1393 823 1023.
1439 759 1512 823 τὰ
1560 760 1769 842 λῷστα
1815 765 1943 823 τῶν
1989 760 2417 841 παρεστώτων
2462 759 2638 842 λέγει.
2686 759 2894 824 Prom.
2931 762 3075 824 308.

621 850 990 931 παραινέσαι
1038 850 1110 931 γέ
1153 873 1253 913 σοι
1298 850 1473 913 θέλω
1518 849 1591 912 τὰ
1639 849 1864 931 λῷστα.
1914 850 2060 913 204.
2108 849 2362 912 ἐνταῦθ’
2409 848 2537 931 ἐγὼ
2574 848 2648 912 τὰ
2681 849 2888 932 λῷστα
2919 851 3073 932 βου-

597 939 844 1003 λεύων.
908 937 1057 1002 ΕΗΓ.
1105 937 1295 1022 Hipp.
1345 939 1490 1001 901.
1556 938 1625 1001 τὸ
1689 938 1931 1021 λῷστον
1977 944 2136 1002 σοῖσι
2189 938 2526 1021 βουλεῦσαι
2585 938 2826 1021 δόμοις.
2889 939 3075 1023 Sopb.

620 1028 718 1092 Fr.
757 1029 900 1092 193.
949 1028 1115 1091 ὅπου
1149 1027 1219 1091 δὲ
1248 1027 1339 1110 μὴ
1373 1026 1447 1090 τὰ
1477 1028 1663 1111 λῷστ’
1697 1028 1972 1109 (τᾶριστ’)
2006 1028 2364 1109 ἐλευθέρως
2393 1029 2591 1109 λέγειν
2632 1028 2642 1111 Ι
2684 1029 2903 1101 ἔξεστι,
2949 1027 3074 1091 κτλ.

803 1117 992 1181 1068.
1041 1117 1253 1200 γνοίης
1300 1119 1371 1187 ὃς
1418 1116 1499 1200 εἴ]
1559 1116 1682 1180 Pro
1743 1117 2054 1181 usitatiori
2100 1118 2267 1188 ὅστις
2313 1116 2379 1180 εἴ.
2460 1116 2566 1180 Sic
2613 1118 2710 1201 Aj.
2765 1118 2950 1180 1259.
2999 1117 3075 1181 οὗ

494 1266 499 1272 .
621 1205 863 1290 μαθὼν
928 1208 1001 1277 ὃς
1064 1204 1123 1269 εἴ
1180 1206 1371 1288 φύσιν
1418 1231 1536 1282 -,·
1602 1206 1772 1270 O.C.
1836 1207 2023 1269 1171.
2086 1207 2270 1269 1274.
2336 1207 2521 1269 1291.
2596 1205 2692 1269 ΕΙ.
2751 1207 2897 1269 947.
2964 1205 3076 1270 Ph.

626 1298 754 1359 534
786 1316 878 1378 sq.
909 1295 1100 1359 Arist.
1134 1296 1291 1359 th.
1324 1297 1470 1358 442.
1517 1294 1665 1366 τοὺς
1693 1295 1813 1377 μὲν
1844 1295 2078 1366 θεατὰς
2124 1295 2349 1359 εἰδέναι
2394 1294 2464 1378 μ’
2508 1296 2581 1367 ὅς
2613 1295 2815 1375 (εἷδέν’
2848 1295 3076 1375 &xus-P)

623 1388 686 1450 εἴ
732 1386 746 1413 ’
792 1386 825 1449 ἕ
865 1386 938 1449 ch.

674 1410 726 1468 μ
808 1410 993 1539 1γο70.
1041 1474 1326 1555 πλουσίῳ
1375 1511 1458 1520 -
1507 1473 1698 1558 γένει]
1767 1472 1870 1537 Sic
1932 1474 2189 1556 πλούτῳ
2252 1474 2361 1537 καὶ
2416 1474 2576 1556 γένει
2632 1475 3080 1539 consociantur

624 1562 861 1629 Herod.
909 1563 1025 1627 IX.
1078 1565 1177 1627 93.
1257 1563 1349 1626 Cf„
1397 1561 1492 1627 El.
1528 1564 1673 1626 361.
1720 1563 1987 1627 πλουσία
2033 1564 2328 1647 τράπεζα.
2377 1562 2526 1626 Eur.
2561 1564 2696 1628 Alc.
2733 1564 2834 1626 56.
2880 1564 3075 1628 πλου-

625 1654 777 1725 σίως
821 1654 1176 1736 ταφήσεται.
1226 1650 1375 1715 ΕΗΓ.
1422 1651 1520 1715 Fr.
1555 1653 1701 1734 661,
1738 1654 1793 1715 3.
1839 1652 2146 1717 πλουσίαν
2192 1653 2345 1734 ἀροῖ
2382 1652 2612 1716 πλάκα.
2660 1653 2854 1717 Arist.
2887 1652 3075 1736 Vesp.

629 1743 817 1807 1168.
890 1742 1209 1812 πλουσίως
1258 1741 1266 1825 Ι
1317 1741 1439 1805 ὡδὶ
1508 1741 1760 1824 προβὰς
1804 1742 1930 1805 κτλ.
1988 1740 2209 1826 Eupol.
2257 1740 2339 1805 H.
2388 1742 2535 1804 450.
2584 1741 2740 1805 ἀλλὰ
2787 1741 2898 1813 τὰς
2942 1743 3074 1805 κοί-

624 1856 733 1903 τας
785 1834 839 1913 γ’
887 1833 1099 1915 ἔχουσι
1161 1831 1481 1901 πλουσίως
1546 1832 1951 1913 σεσαγμένας.
2018 1831 2176 1894 Plat.
2222 1830 2469 1895 Theaet.
2522 1833 2665 1894 175.
2732 1831 3074 1914 ἀναβάλλε-

626 1922 777 1986 σθαι
824 1958 907 1967 -
956 1920 1327 2003 ἐλευθέρως.
1392 1921 1619 1984 Aesoh.
1678 1919 1851 1983 PerS.
1909 1920 2053 1982 266.
2120 1920 2415 2002 νόστιμον
2478 1921 2663 2002 φάος.
2732 1919 2881 1984 Cho.
2932 1922 3077 1983 332.

613 2012 836 2082 ’δίπαις
899 2010 968 2091 (f.
1019 2010 1306 2090 διπλοῦς)
1355 2046 1437 2057 -
1484 2010 1746 2092 θρῆνος.
1823 2009 1970 2072 ΕΗΓ.
2028 2009 2215 2074 Horo.
2276 2012 2421 2073 221.
2497 2009 2656 2092 ὄμμ’
2722 2011 3080 2092 ἐλεύθερον.

628 2100 863 2164 Phoen.
914 2100 1058 2162 550.
1108 2100 1347 2182 ἐχθρᾶς
1395 2136 1473 2145 -
1526 2101 1786 2182 ἡμέρας.

809 2190 995 2253 1072.
1045 2188 1132 2253 Cf.
1182 2190 1281 2272 Aj.
1330 2189 1476 2252 856.
1524 2188 1591 2252 σὲ
1641 2188 1719 2261 δ’,
1776 2185 1834 2253 ὦ
1881 2196 2158 2271 φαεννῆς
2213 2190 2457 2271 ἡμέρας
2501 2188 2572 2253 τὸ
2619 2194 2733 2252 νῦν
2779 2189 2961 2259 σέλας
2995 2225 3075 2234 -

627 2280 1040 2361 προσεννέπω
1083 2277 1091 2361 Ι
1132 2278 1525 2342 πανύστατον
1573 2278 1651 2360 δὴ
1700 2278 1966 2341 κοῦποτ’
1998 2277 2186 2348 αὖθις
2234 2279 2511 2359 ὕστερον.
2559 2277 2710 2341 ΕΗΓ.
2742 2277 2897 2342 HeC.
2931 2279 3077 2341 411.

626 2370 719 2440 ὡς
774 2367 993 2432 οὔποτ’
1049 2366 1261 2440 αὖθις,
1328 2367 1483 2430 ἀλλὰ
1548 2373 1661 2430 νῦν
1723 2368 2116 2431 πανύστατον
2157 2367 2166 2452 Ι
2207 2368 2424 2431 ἀκτῖνα
2481 2368 2720 2431 κύκλον
2775 2366 2844 2430 ’θ’
2901 2367 3077 2450 ἡλίου

600 2479 1367 2626 ,προσῗό7ἕωδέδοιχη
1326 2544 1507 2615 ὅπως
1550 2545 1641 2627 μὴ
1678 2581 1760 2590 --
1796 2545 2136 2629 ἀναρρήξει
2182 2545 2386 2630 κακά]
2435 2546 2523 2610 Cf.
2561 2545 2714 2610 ΕΗΓ.
2746 2544 2898 2610 Hor.
2932 2548 3078 2610 249.

624 2634 716 2718 μὴ
763 2635 987 2718 τρέσῃς
1033 2634 1212 2704 ὅπως
1259 2635 1329 2697 σέ
1372 2659 1460 2706 τις
1493 2672 1574 2680 -
1610 2635 1964 2699 ἀποσπάσει
2019 2637 2142 2719 βίᾳ.
2210 2633 2360 2699 ΕΗΓ.
2407 2634 2597 2720 Hipp.
2649 2637 2792 2699 518.
2845 2635 3078 2719 δέδοιχ’

598 2727 809 2796 ,ὅπως
853 2748 965 2806 μοι
1010 2725 1100 2807 μὴ
1151 2725 1288 2787 λίαν
1333 2731 1527 2806 φανεῖ
1564 2727 1753 2808 σοφή.
1803 2725 1995 2789 Arist.
2043 2725 2157 2809 Eq.
2213 2727 2352 2789 112.
2410 2732 2523 2790 τοῦ
2581 2725 2887 2808 δαίμονος
2926 2725 2935 2809 Ι
2977 2726 3077 2790 δέ·

629 2813 790 2896 δοιχ’
837 2815 1018 2884 ὅπως
1070 2814 1161 2897 μὴ
1227 2814 1525 2896 τεύξομαι
1592 2815 2084 2897 κακοδαίμονος.
2143 2816 2261 2878 Av.
2315 2816 2502 2878 1238.
2549 2815 2640 2897 μὴ
2689 2815 2866 2878 ’θεῶν
2929 2816 3082 2879 κίνει

628 2906 866 2986 φρένας
906 2904 915 2985 Ι
958 2902 1164 2973 δεινὰς
1212 2903 1443 2984 (δείσας
1474 2902 1759 2985 Porson.)
1807 2905 1988 2975 ὅπως
2031 2906 2123 2987 μή
2164 2927 2280 2968 σου
2329 2907 2509 2987 γένος
2539 2904 2964 2986 πανωλεθρον
2996 2940 3080 2950 -

597 2993 1003 3075 ,ἀναστρέψει
1049 2992 1224 3075 Δίκη.
1273 2992 1365 3057 Pl.
1416 2993 1562 3056 200.

811 3082 997 3144 1075.
1045 3080 1385 3164 ἀναρρήξει
1428 3081 1635 3166 κακά]
1682 3081 2188 3147 Intransitivum.
2268 3082 2358 3148 Cf.
2395 3085 2584 3147 1280.
2630 3083 2766 3147 τάδ’
2800 3084 2871 3147 ἐκ
2905 3084 3083 3148 δυοῖν

627 3174 909 3254 ἔρρωγεν
958 3208 1041 3217 ——
1088 3171 1275 3235 κακά.
1332 3171 1483 3235 ΕΗΓ.
1531 3170 1720 3255 Hipp.
1776 3174 1963 3237 1334.
2013 3173 2279 3255 μάλιστα
2327 3173 2447 3255 μέν
2492 3197 2606 3236 νυν
2652 3173 2751 3237 σοὶ
2794 3173 2931 3237 τάδ’
2978 3175 3081 3255 ἔρ-

630 3285 838 3344 ρωγεν
879 3260 1078 3336 κακὰ,
1126 3267 1239 3325 etc.

812 3352 996 3415 1076.
1045 3349 1369 3434 ῥηγνύτω]
1428 3351 1669 3415 Broak
1728 3351 1945 3414 forth.
2026 3350 2113 3415 Cf.
2173 3351 2399 3416 Aesoh.
2447 3351 2616 3416 Pers.
2661 3353 2811 3416 433.
2857 3357 3084 3417 κακῶν

593 3481 606 3516 ·.
626 3441 903 3522 πέλαγος
948 3442 1244 3522 ἔρρωγεν.
1300 3440 1519 3503 Traoh.
1568 3442 1714 3503 852.
1765 3442 2044 3522 ἔρρωγεν
2089 3440 2263 3523 παγά
2314 3441 2636 3524 δακρύων.
2710 3441 2835 3507 Pro
2886 3444 3082 3525 ἀναρ-

627 3530 936 3612 ρηγνύτω.
1015 3530 1121 3592 Sic
1168 3529 1328 3592 Phil.
1381 3530 1523 3592 912.
1572 3529 1850 3593 ἐκλιπὼν
1899 3567 1980 3576 -
2029 3531 2257 3594 λιπών.

810 3619 998 3682 1077.
1043 3617 1475 3702 βουλήσομαι]
1535 3619 1625 3682 Cf.
1675 3620 1773 3702 Aj.
1824 3619 1968 3683 681.
2026 3620 2132 3683 καὶ
2186 3620 2372 3683 ταῦθ’
2420 3621 2769 3703 ὑπουργῶν
2816 3621 3082 3703 ὠφελεῖν

598 3708 1044 3791 .βουλήσομαι.
1121 3706 1191 3770 O.
1226 3706 1289 3770 G.
1354 3709 1540 3772 1289.
1604 3709 1710 3772 καὶ
1775 3708 1944 3772 ταῦτ’
2011 3709 2122 3790 ἀφ’
2187 3710 2375 3792 ὑμῶν
2423 3746 2505 3757 —-
2553 3710 2950 3794 βουλήσομαι
2998 3747 3082 3756 -

598 3803 842 3878 ,κυρεῖν
888 3797 1044 3878 ἐμοί.
1092 3797 1244 3861 ΕΗΓ.
1293 3796 1458 3862 Med.
1508 3799 1652 3861 259.
1704 3798 1848 3861 726.
1898 3798 2091 3862 Arist.
2141 3798 2230 3861 Pl.
2286 3800 2432 3863 290.
2483 3801 2629 3863 319.

814 3887 999 3949 1078.
1048 3892 1277 3968 φρονεῖ
1317 3923 1399 3933 --
1446 3885 1643 3970 μέγα]
1701 3888 1790 3951 Cf.
1839 3889 1988 3952 Ant.
2040 3887 2184 3951 768.
2233 3889 2548 3970 φρονείτω
2593 3891 2813 3971 μεῖζον
2859 3891 2898 3972 ἢ
2945 3888 3083 3952 κατ’

628 3975 810 4056 ἄνδρ’
841 3976 974 4039 ἰών.
1020 3975 1172 4039 ΕΗΓ.
1220 3976 1458 4039 Phoen.
1502 3979 1604 4039 41.
1653 3977 1690 4039 ὁ
1739 3977 1797 4040 δ’
1845 3976 2007 4059 εἷρπ’
2056 3977 2361 4050 ἄναυδος,
2407 3981 2572 4060 μέγα
2618 3983 2902 4061 φρονῶν.
2939 3978 3083 4041 703.

598 4065 777 4130 ,ΗΘΓ.
815 4066 958 4128 987.
1004 4065 1116 4148 τὴν
1162 4070 1531 4147 φρονοῦσαν
1576 4068 1794 4147 μεῖζον
1843 4070 1879 4149 ἢ
1929 4072 2195 4148 γυναῖκα
2242 4069 2383 4150 χρή.
2432 4068 2630 4131 Andr.
2673 4068 2855 4131 1009.
2894 4066 3083 4133 Hero.

629 4155 777 4217 475.
822 4154 956 4239 Iph.
1002 4153 1067 4217 Τ.
1117 4155 1262 4218 503.
1309 4154 1502 4237 Hipp.
1552 4155 1608 4216 6.
1657 4154 1805 4217 447.
1855 4154 1956 4218 Or.
2009 4157 2153 4219 798.
2206 4157 2301 4219 ΕΙ.
2355 4157 2542 4220 1127.
2621 4157 2794 4221 Hinc
2839 4159 3082 4240 φρονή-

594 4299 603 4304 .
626 4266 827 4326 ματος
870 4244 1148 4326 μέγεθος
1194 4243 1357 4308 Plut.
1406 4243 1559 4307 Mar.
1613 4245 1667 4307 9.

812 4333 998 4396 1079.
1045 4333 1156 4416 τὴν
1214 4334 1573 4414 δυσγένειαν
1627 4334 1740 4416 τὴν
1805 4333 1963 4416 ἐμὴν
2020 4335 2400 4420 αἰσχύνεται]
2466 4336 2541 4400 Is
2606 4335 2954 4400 ashamed
3021 4336 3087 4399 of

629 4442 747 4504 my
811 4421 951 4485 low
1026 4422 1246 4490 birth.
1327 4422 1412 4486 Cf.
1464 4425 1651 4488 Arist.
1700 4424 1790 4487 Pl.
1845 4425 1986 4487 774.
2054 4425 2432 4508 αἰσχύνομαι
2498 4424 2568 4489 δὲ
2630 4424 2740 4496 τὰς
2804 4425 3081 4507 ἐμαυτοῦ

629 4512 986 4595 συμφοράς.
1032 4512 1182 4576 ΕΗΓ.
1229 4512 1362 4577 ΙΟΗ.
1414 4513 1558 4576 367.
1607 4513 1958 4598 αἰσχύνεται
2005 4512 2076 4578 τὸ
2121 4520 2405 4598 πρᾶγμα.
