3463 5287
1478 432 1776 480 moeteonn:
2774 413 2856 476 91

396 598 598 678 μέγας
642 595 798 666 θεὸς
842 595 934 678 εἴη
983 594 1021 658 ὁ
1052 593 1271 676 Ἔρως
1314 593 1423 658 καὶ
1467 591 1841 676 θαυμαστὸς
1885 593 1954 656 ἐν
2000 592 2381 674 ἀνθρώποις
2422 615 2489 655 τε
2529 590 2638 654 καὶ
2667 590 2861 661 θεοῖς.

399 688 781 749 Anacreont.
816 684 920 765 62,
954 686 1010 747 4.
1059 683 1172 747 ὅδε
1216 683 1325 747 καὶ
1368 683 1546 747 θεῶν
1593 683 1930 765 δυνάστης,
1972 682 1982 765 Ι
2024 681 2136 746 ὅδε
2178 681 2289 746 καὶ
2330 679 2605 765 βροτοὺς
2653 678 2860 762 δαμά-

399 777 504 850 ζει.
554 773 739 839 Ovid.
771 773 924 839 Her.
955 772 1069 836 IV.
1108 773 1207 836 ll.
1255 771 1607 877 ‘quioquid’
1638 772 1838 837 Amor
1883 772 2079 855 jussit
2128 790 2257 835 non
2315 774 2411 836 est
2455 774 2861 835 contemnere

400 870 634 928 tutum:
678 863 950 947 iregnat
1010 867 1073 928 et
1113 864 1184 926 in
1232 862 1525 927 dominos
1586 864 1690 945 jus
1747 861 1936 926 habet
1994 860 2103 925 ille
2135 859 2326 926 deos!
2392 858 2573 924 Ovid.
2606 859 2863 943 alieubi,

400 955 522 1018 Tu
567 972 828 1037 superas
874 954 1212 1036 ipsumque
1256 951 1298 1016 J
1301 971 1511 1034 ovem
1558 957 1629 1016 tu
1673 952 1944 1016 numina
1987 950 2165 1034 ponti
2205 949 2214 1033 Ι
2254 950 2424 1015 victa
2469 946 2729 1013 domas!

595 1044 740 1106 788.
788 1041 1094 1126 φύξιμος]
1161 1041 1250 1107 Of.
1296 1040 1484 1105 Hom.
1534 1039 1649 1105 Od.
1700 1043 1758 1122 5,
1807 1042 1956 1105 359.
2023 1040 2134 1104 ὅθι
2164 1062 2308 1150 ¹:aot
2369 1038 2537 1122 φάτο
2583 1039 2864 1122 φύξιμον

400 1131 569 1198 εἶναι.
617 1132 924 1198 Simonid.
973 1132 1120 1194 249.
1168 1132 1446 1215 φύξιμος
1491 1130 1661 1213 δδμή
1711 1132 1780 1210 (i.
1814 1150 1865 1194 e.
1913 1132 1952 1213 ἡ
2002 1135 2224 1213 φυγεῖν
2270 1129 2664 1211 ἐμποιοῦσα).

585 1223 730 1286 789.
778 1222 1063 1304 ἁμερίων
1096 1258 1177 1268 -
1211 1219 1611 1304 ἀνθρώπων]
1670 1219 1760 1284 Cf.
1808 1220 1908 1303 Aj.
1959 1221 2104 1284 398.
2163 1219 2447 1302 ἁμερίων
2480 1255 2561 1265 -
2597 1217 2860 1300 ἀνθρώ-

401 1335 564 1378 πων.
632 1311 779 1375 208.
827 1308 976 1375 Eur.
1024 1310 1260 1376 Phoen.
1314 1310 1457 1375 130.
1523 1310 1770 1392 ἁμερίῳ
1835 1310 2151 1391 (ἁμερίων
2198 1309 2306 1386 al.)
2377 1308 2580 1390 γέννᾳ.
2718 1307 2757 1370 ἁ
2803 1306 2861 1370 δ’

403 1401 596 1486 ἔχων]
653 1398 750 1465 Sc.
805 1399 914 1464 τὸν
961 1401 1185 1481 ἔρωτα.
1264 1398 1353 1464 cf.
1403 1399 1559 1463 Plat.
1606 1398 1873 1463 Phaedr.
1922 1399 2050 1463 239
2086 1397 2152 1462 O.
2208 1397 2371 1481 ἀνὴρ
2418 1398 2589 1480 ἔχων
2634 1398 2860 1479 ἔρωτα.

403 1490 556 1554 Eur.
601 1489 737 1573 Iph.
784 1490 861 1553 A.
919 1491 1104 1553 1331.
1171 1488 1212 1573 ἦ
1259 1489 1684 1572 πολύμοχθον
1748 1489 2035 1572 ἁμερίων
2080 1489 2193 1571 (sc.
2243 1488 2471 1570 γένος).
2544 1487 2733 1550 1515.
2782 1484 2862 1551 δι’

404 1581 673 1662 αἴματας
719 1579 1006 1662 ἁμερίου.
1052 1578 1164 1642 Ph.
1217 1580 1359 1642 132.
1408 1579 1654 1662 ἁμερίῳ
1701 1578 1906 1661 γέννᾳ.

589 1669 734 1733 791.
779 1668 888 1733 καὶ
921 1667 1208 1753 δικαίων]
1241 1667 1491 1731 Etiam
1529 1670 1927 1751 justorum.
2065 1666 2329 1738 ἀδίκους
2363 1667 2605 1750 φρένας
2641 1688 2860 1748 παρει-

404 1759 556 1842 κᾷς]
607 1758 697 1823 Cf.
739 1759 885 1821 298.
931 1757 1065 1822 τόδ’
1115 1796 1197 1805 -
1244 1757 1760 1840 παραλλάσσει
1805 1757 2047 1841 φρένας
2100 1755 2375 1840 χρηστὰς
2418 1754 2584 1839 πρὸς
2628 1754 2859 1838 αἰσχρὰ

406 1848 744 1932 πράγμαθ’
791 1848 1083 1912 ἵστασθαι
1126 1849 1396 1931 βροτῶν.
1445 1847 1672 1912 Aesch.
1707 1846 1858 1911 Cho.
1894 1848 2038 1912 600.
2086 1845 2494 1929 θηλυκρατὴς
2534 1845 2865 1927 ἀπέρωτος

405 1941 575 2020 ἔρως
636 1945 961 2020 παρανικᾷ
1015 1943 1128 2002 etc.
1195 1937 1382 2001 Hom.
1440 1935 1554 2000 Od.
1613 1938 1724 2019 20,
1783 1936 1929 2001 346.
1993 1936 2434 2019 παρέπλαγξεν
2500 1935 2570 1999 δὲ
2631 1935 2862 2017 νόημα.

409 2029 557 2091 881.
606 2029 703 2110 Aj.
753 2026 853 2089 69.
904 2026 1215 2109 ὀμμάτων
1260 2026 1709 2109 ἀποστρόφους
1751 2027 1760 2110 Ι
1801 2025 2003 2108 αὐγὰς
2048 2026 2346 2108 ἀπείρξω.
2392 2025 2488 2088 Tr.
2541 2025 2683 2087 106.

590 2116 734 2180 792.
782 2116 883 2180 ἐπὶ
928 2116 1142 2200 λώβᾳ]
1194 2115 1284 2180 Of.
1331 2116 1432 2179 ἐπὶ
1475 2123 1781 2199 κωκυτῷ,
1829 2115 1931 2179 ἐπὶ
1973 2116 2229 2198 ψίγοισι.

591 2206 735 2270 793.
782 2211 990 2276 νεῖκος
1052 2205 1311 2287 ἀνδρῶν
1375 2204 1703 2289 ξύναιμον]
1773 2204 1861 2269 cf.
1916 2203 2012 2269 El.
2075 2204 2263 2269 1071.
2340 2203 2528 2286 διπλῆ
2590 2203 2866 2286 φύλοπις

408 2295 710 2378 (τέκνων).
757 2295 856 2379 Aj.
906 2295 1053 2358 860.
1099 2295 1403 2378 πατρῷον
1448 2294 1648 2365 ἑστίας
1691 2295 1965 2378 βάθρον.
2011 2294 2109 2358 Tr.
2143 2295 2291 2357 817.
2338 2294 2537 2376 ὄγκον
2584 2330 2666 2340 -
2716 2292 2862 2357 ἀνό-

407 2408 609 2469 ματος
658 2422 741 2430 -
786 2384 1107 2468 μητρῷον.
1175 2385 1400 2449 Aesch.
1452 2387 1565 2469 Ag.
1615 2386 1717 2448 48.
1784 2384 2099 2455 ἐκπατίοις
2144 2383 2355 2465 ἄλγεσι
2397 2382 2665 2446 παίδων.
2719 2383 2863 2446 153.

408 2475 671 2540 νεικέων
736 2474 993 2539 τέκτονα
1060 2475 1408 2557 σύμφυτον.
1475 2473 1641 2558 Sept.
1692 2474 1838 2536 340.
1894 2473 2125 2557 βλαχαὶ
2182 2473 2237 2537 δ’
2285 2471 2693 2556 αἱματόεσσαι
2735 2475 2865 2536 τῶν

410 2564 855 2648 ἐπιμαστιδίων
901 2563 1294 2647 ἀρτιβρεφεῒς
1349 2564 1705 2647 βρέμονται.
1763 2561 1915 2627 Eur.
1962 2562 2189 2627 Bacch.
2243 2563 2432 2627 1204.
2479 2561 2866 2645 λευκοπήχε-

413 2678 512 2719 σιν
551 2655 559 2733 Ι
599 2660 831 2737 χειρῶν
877 2654 1154 2736 ἀκμαῖοι.
1205 2653 1353 2717 Eur.
1396 2653 1559 2717 Med.
1599 2654 1786 2716 1264.
1834 2653 2076 2736 χαλεπὰ
2126 2652 2246 2736 γὰρ
2291 2654 2544 2736 βροτοῖς
2589 2652 2869 2735 ὁμογενῆ

409 2746 726 2827 μιάσματ’.
772 2743 908 2807 Ion.
949 2744 1133 2806 1215.
1180 2742 1414 2827 πτηνὸς
1444 2744 1741 2807 εἰσπίπτει
1775 2743 1998 2826 δόμοις
2039 2742 2047 2825 Ι
2088 2747 2315 2825 κῶμος
2344 2742 2626 2806 πελειῶν.
2674 2742 2867 2805 Arist.

411 2833 556 2898 Pac.
597 2835 736 2896 155.
782 2832 1244 2916 χρυσοχάλινον
1288 2833 1571 2915 πάταγον
1607 2833 1875 2915 ψαλίων.
1921 2832 2176 2897 Theocr.
2208 2830 2427 2896 XXII.
2462 2831 2608 2894 200.
2653 2831 2870 2914 μάχην

412 2923 722 3006 ἐμφύλιον
766 2922 1042 3005 ἀνδρῶν.
1108 2920 1389 2986 Eustath.
1438 2922 1668 2987 Ismen.
1716 2921 1831 2986 III.
1883 2923 1982 2985 96.
2046 2921 2243 3005 χορὸς
2298 2920 2583 2985 ὀδόντων
2626 2920 2868 2991 λευκός.

413 3012 729 3076 Hieroclis
775 3010 972 3077 verba
1014 3017 1192 3093 sunt,
1260 3011 1460 3075 καλὸν
1503 3012 1623 3095 μὲν
1668 3016 1759 3094 τῷ
1809 3012 1951 3094 θεῷ
1994 3011 2357 3085 πείθεσθαι,
2403 3008 2602 3074 καλὸν
2649 3009 2718 3074 δὲ
2763 3009 2872 3073 καὶ

411 3108 539 3173 τοῖς
586 3106 873 3183 γονεῦσιν
905 3138 1013 3164 -.
1079 3102 1138 3165 εἶ
1188 3101 1258 3166 δὲ
1312 3101 1476 3185 πρὸς
1530 3102 1682 3165 ἄλλο
1738 3101 1858 3184 μὲν
1904 3101 1943 3164 ἁ
1986 3101 2163 3172 θεοῖς
2215 3100 2443 3183 νόμος,
2499 3098 2664 3182 πρὸς
2715 3099 2870 3163 ἄλλο

416 3191 487 3256 δὲ
534 3192 594 3255 οἱ
639 3196 842 3274 γονεῖς
871 3192 1145 3274 φέροιεν,
1190 3192 1545 3274 μαχιιιένης
1573 3197 1683 3275 τῆς
1714 3191 2046 3273 αἱρέσεως,
2092 3196 2221 3261 τοῖς
2251 3190 2571 3272 ἀμείνοσιν
2607 3188 2871 3253 ἔπεσθαι

418 3281 535 3354 δεῖ,
580 3280 748 3362 πρὸς
790 3286 981 3344 ταῦτα
1027 3280 1233 3363 μόνον
1276 3281 1685 3351 ἀπειθοῦντες
1731 3285 2007 3362 γονεῦσι,
2062 3278 2227 3363 πρὸς
2272 3281 2313 3342 ἃ
2359 3279 2467 3344 καὶ
2523 3278 2699 3343 αὕτοὶ
2743 3284 2872 3350 τοῖς

415 3371 611 3442 θείοις
657 3370 878 3452 νόμοις
925 3371 1003 3435 οὗ
1048 3370 1390 3434 πείθονται.

598 3460 743 3522 794.
788 3459 1097 3544 ταράξας]
1147 3458 1234 3523 Cf.
1269 3457 1340 3523 Ο.
1372 3459 1443 3523 R.
1477 3458 1625 3524 483.
1675 3458 1844 3524 δεινὰ
1892 3459 2184 3542 ταράσσει
2217 3457 2421 3541 σοφὸς
2467 3458 2870 3528 οἷωνοθέτας.

598 3548 741 3613 796.
790 3550 1009 3632 ἵμερος
1071 3550 1406 3632 εὐλέκτρου
1472 3549 1760 3633 νύμφας]
1829 3546 1920 3612 Cf.
1971 3548 2193 3614 Aesch.
2244 3547 2459 3631 Suppl.
2512 3548 2699 3611 1003.
2764 3546 2873 3610 καὶ

418 3639 767 3721 παρθένων
839 3638 1142 3720 χλιδαῖσιν
1205 3639 1558 3722 εὐμόρφοις
1619 3640 1719 3702 ἔπι
1769 3638 1778 3720 Ι
1828 3643 1954 3708 πᾶς
2024 3662 2112 3708 τις
2174 3637 2521 3720 παρελθὼν
2585 3638 2873 3719 ὄμματος

417 3729 793 3811 θελκτήριον
833 3724 842 3810 Ι
882 3728 1135 3811 τόξευμ’
1181 3730 1466 3811 ἔπεμψεν
1512 3729 1736 3811 ἱμέρου
1784 3728 2153 3810 νικώμενος.
2200 3728 2298 3791 Fr.
2346 3728 2493 3790 421.

600 3819 744 3881 798.
791 3817 1112 3899 πάρεδρος
1157 3815 1446 3902 θεσμῶν]
1506 3816 1596 3880 Cf.
1644 3818 1722 3881 ad
1771 3818 1960 3881 Arist.
2010 3818 2128 3879 Av.
2183 3818 2370 3880 1753.
2415 3815 2739 3897 πάρεδρον
2789 3852 2869 3861 -

419 3906 582 3977 Διός.
648 3906 798 3971 Eur.
847 3907 1012 3972 Med.
1061 3908 1207 3971 842.
1271 3915 1348 3989 τᾷ
1403 3907 1596 3990 σοφίᾳ
1641 3907 2005 3989 παρέδρους
2058 3907 2328 3990 πέμπειν
2374 3907 2632 3988 ἔρωτας.
2678 3904 2870 3989 Hipp.

421 3996 568 4059 674.
631 3997 719 4067 τίς
782 3998 862 4060 ἂν
924 3998 1178 4078 βροτῶν
1240 3997 1564 4079 πάρεδρος
1607 4000 1647 4079 ἢ
1697 3995 1997 4078 ξύνεργος
2053 3996 2297 4060 ἀδίκων
2351 3996 2560 4077 ἔργων
2613 3996 2874 4077 φανείη,-

421 4085 602 4149 Pind
653 4083 748 4148 Ol.
797 4084 974 4149 VIII.
1034 4087 1135 4148 25.
1211 4084 1360 4156 Διὸς
1434 4086 1639 4159 ξενίου
1712 4086 2035 4168 πάρεδρος
2106 4084 2318 4166 Θέμις.
2392 4084 2607 4148 Isthm.
2658 4083 2767 4148 VI.
2816 4085 2873 4147 3.

419 4174 746 4257 πάρεδρον
791 4174 1177 4257 Δαμάτερος.
1313 4180 1441 4239 τῶν
1484 4175 1886 4258 μεγάλων-
1911 4175 2199 4260 θεσμῶν]
2247 4175 2337 4238 Cf.
2374 4176 2564 4238 Arist.
2584 4175 2704 4237 Av.
2728 4174 2874 4237 331.

420 4265 669 4348 παρέβη
716 4264 836 4346 μὲν
880 4263 1167 4346 θεσμοὺς
1212 4264 1541 4348 ἀρχαίους,
1588 4265 1837 4347 παρέβη
1889 4263 1948 4328 δ’
1995 4265 2249 4346 ὅρκους.

603 4354 747 4418 799.
797 4352 885 4418 Of.
951 4353 1188 4418 Herod.
1244 4354 1354 4418 IV.
1416 4356 1558 4417 134.
1633 4354 1841 4434 ὁρέων
1915 4352 2146 4423 αὐτοὺς
2217 4354 2635 4436 ἐμπαίζοντας
2706 4354 2874 4435 ἡμῖν.

423 4443 750 4508 Connecte
794 4443 1045 4526 ἄμαχος
1091 4462 1237 4506 eum
1284 4444 1595 4526 ἐμπαίζει,
1653 4442 1829 4507 falls
1878 4463 1967 4506 on
2018 4462 2159 4509 one
2206 4442 2702 4529 irresistibly.
2781 4441 2875 4512 Cf.

420 4533 616 4599 Arist.
662 4531 771 4598 Th.
821 4533 967 4598 975.
1013 4535 1052 4619 ἢ
1100 4538 1254 4599 πᾶσι
1297 4539 1425 4605 τοῖς
1468 4540 1750 4621 χοροῖσιν
1795 4533 2100 4618 ἐμπαίζει.
