3463 5287
592 349 721 410 216
1519 365 1771 410 ommus
1817 366 2116 410 oonomms

769 527 916 589 893.
963 526 1036 589 τὰ
1100 531 1251 589 ποῖα
1314 524 1570 607 ταῦτα,·]
1639 523 1731 588 Cf.
1781 521 1849 586 O.
1883 525 1954 588 R.
2006 525 2150 586 935.
2215 523 2287 585 τὰ
2353 530 2502 586 ποῖα
2560 529 2783 598 ταῦτα,·
2853 525 3043 586 Arist.

592 615 757 680 Nub.
797 616 983 679 1270.
1028 615 1103 678 τὰ
1150 621 1301 678 ποῖα
1348 619 1537 676 ταῦτα
1585 612 1908 696 χρήμαθ’,·

771 705 898 767 895
933 724 1024 786 sq.
1074 702 1163 768 cf.
1213 703 1359 767 866.

771 794 917 857 895.
965 794 1205 856 τέκνων
1253 830 1334 840 ——
1385 790 1738 875 ξυνωρίδα]
1806 790 1894 855 Cf.
1942 790 2092 853 Eur.
2147 790 2306 854 Med.
2361 792 2547 854 1145.
2612 792 2854 854 τέκνων
2908 796 3046 853 σῶν

592 919 678 928 —-
724 882 1060 964 ξυνωρίδα.
1128 881 1364 945 Phoen.
1421 882 1604 944 1101.
1671 880 1944 962 ξυνωρὶς
1987 881 2242 943 τέκνων.
2313 881 2500 942 1618.
2566 879 2699 943 ἀλλ’
2756 881 3046 950 εὔτεκνος

593 974 653 1054 (ἡ
700 973 941 1035 τέκνων
989 970 1052 1033 F.
1102 970 1199 1032 ΙΨ.
1248 970 1555 1050 Schmidt)
1602 972 1907 1051 ξυνωρίς,·
1954 968 2141 1033 Hero.
2182 971 2328 1032 451.
2378 971 2600 1051 ζεῦγος
2648 1006 2729 1014 ——
2777 975 3044 1050 νεκρῶν.

771 1080 917 1142 898.
965 1077 1129 1142 λεὼν
1178 1114 1259 1123 -·
1309 1076 1601 1160 ἱππότην]
1650 1077 1739 1141 Cf.
1780 1079 1877 1159 Aj.
1914 1078 2056 1139 565.
2106 1076 2347 1147 ἐνάλιος
2392 1077 2567 1147 λεώς.
2617 1077 2842 1139 Aesch.
2876 1076 3044 1159 Sept.

595 1169 695 1230 80.
744 1169 846 1250 ῥεῖ
882 1167 1081 1238 πολὺς
1129 1167 1239 1230 ὅδε
1283 1167 1445 1237 λεὼς
1493 1202 1575 1211 -
1625 1166 1907 1236 ἱππότας.
1954 1166 2127 1229 Pers.
2168 1167 2307 1228 125.
2354 1170 2480 1236 πᾶς
2527 1164 2648 1247 γὰρ
2693 1165 3048 1248 ἱππηλάτας

591 1257 699 1320 καὶ
742 1257 1117 1340 πεδοστιβὴς
1162 1257 1336 1326 λεώς.
1405 1257 1551 1320 375.
1615 1257 1818 1318 πάντα
1866 1254 2160 1318 ναυτικὸν
2204 1255 2384 1319 λεών.
2453 1255 2640 1317 Arist.
2691 1255 2846 1317 Ach.
2900 1256 3044 1317 162.

593 1346 631 1409 ὁ
678 1347 977 1428 θρανίτης
1023 1347 1083 1426 (i.
1131 1364 1181 1409 e.
1229 1345 1542 1423 ναυτικὸς)
1588 1345 1765 1415 λεώς.

775 1453 919 1515 900.
968 1451 1096 1515 ἀπὸ
1162 1451 1467 1534 ῥυτῆρος]
1533 1450 1906 1514 Immissis
1981 1451 2315 1515 habenis.
2415 1451 2680 1533 Anglico
2755 1458 2828 1514 at
2898 1451 3044 1513 full

594 1542 838 1625 speed.
917 1540 966 1604 Ι.
1014 1561 1064 1605 e.
1131 1543 1281 1604 ἄνευ
1345 1541 1630 1623 χαλινοῦ,
1698 1548 1770 1604 ut
1815 1541 2091 1624 explicat
2138 1539 2543 1622 Phrynichus
2591 1540 2787 1604 Bekk.
2835 1561 2891 1623 p.
2941 1543 3044 1602 24.

599 1631 692 1694 Cf.
744 1630 905 1693 Plut.
954 1628 1138 1693 Dion.
1172 1632 1275 1693 42.
1323 1627 1496 1692 οὗτοι
1544 1630 1931 1699 διελάσαντες
1976 1629 2087 1711 τὴν
2134 1629 2291 1692 ὁδὸν
2336 1631 2549 1699 ἵπποις
2596 1628 2725 1692 ἀπὸ
2771 1630 3047 1712 ῥυτῆρος

596 1717 757 1801 ἧκον
803 1720 889 1790 εἰς
936 1720 1310 1788 Λεοντίνους
1354 1725 1463 1801 τῆς
1519 1720 1763 1801 ἡμέρας
1810 1720 1933 1801 ἤδη
1982 1720 2521 1801 καταφερομένης.
2600 1716 2904 1782 Similiter
2946 1718 3044 1781 Tr.

599 1810 742 1871 389.
801 1808 920 1871 οὐκ
977 1808 1107 1870 ἀπὸ
1163 1810 1439 1890 γνώμης.
1513 1809 1679 1869 1078
1762 1808 1834 1871 ἐκ
1898 1808 2348 1890 καλυμμάτων.
2413 1808 2603 1870 Thuc.
2650 1807 2697 1870 Ι.
2751 1809 2850 1868 76.
2916 1807 3046 1870 ἀπὸ

593 1904 705 1960 τοῦ
752 1897 1161 1979 ἀνθρωπείου
1208 1897 1466 1977 τρόπου.
1527 1896 1755 1959 Eubul.
1808 1896 1918 1959 III.
1968 1898 2117 1959 242.
2172 1896 2349 1979 πηδᾷ
2396 1896 2643 1978 χορεύει
2688 1895 2908 1965 πῶλος
2954 1899 3048 1967 ὣς

599 1986 729 2049 ἀπὸ
777 1988 989 2067 ζυγοῦ.
1126 1985 1430 2068 ῥυτῆρος]
1499 1986 1585 2047 Cf.
1643 1987 1736 2066 Aj.
1786 1987 1929 2046 241.
1987 1986 2190 2066 μέγαν
2238 2024 2318 2030 -
2370 1987 2608 2067 ῥυτῆρα
2656 1985 2890 2067 λαβών.
2951 1985 3046 2048 Fr.

601 2077 746 2139 938.
795 2076 1015 2158 ῥυτῆρι
1061 2076 1322 2157 κρούων
1353 2074 1476 2137 κτλ.
1526 2074 1710 2137 Hom.
1761 2074 1830 2136 ΙΙ.
1873 2076 1968 2156 16,
2002 2075 2149 2136 475.
2198 2077 2267 2137 ὲν
2315 2074 2385 2137 δὲ
2432 2075 2692 2157 ῥυτῆρσι
2736 2075 3048 2138 τάνυσθεν

595 2166 804 2246 (they
853 2185 985 2227 ran
1031 2165 1108 2226 in
1158 2165 1277 2226 tho
1326 2164 1579 2242 reins).

670 2342 704 2404 λ
759 2255 922 2405 gol.
974 2253 1440 2335 συμβάλλουσιν
1474 2289 1553 2298 -
1590 2251 1763 2335 ὁδοὶ]
1814 2252 1902 2315 Cf.
1941 2253 2162 2317 Aesch.
2187 2253 2283 2316 Fr.
2313 2253 2452 2313 171.
2501 2251 2826 2334 συμβολὰς
2856 2259 3049 2335 τριῶν

596 2367 669 2405 κε
706 2366 776 2405 ευ
829 2366 939 2406 ων.

779 2450 920 2512 902.
971 2448 1201 2532 γέλως]
1244 2448 1290 2512 Ι.
1325 2468 1376 2513 o.
1410 2449 1681 2530 γέλωτός
1712 2449 2041 2521 ὑπόθεσις,
2090 2470 2126 2511 a
2173 2448 2473 2530 subject
2517 2449 2633 2511 for
2681 2448 3049 2532 laughter.

601 2537 688 2603 Cf.
736 2538 885 2601 Eur.
936 2536 1032 2600 Fr.
1081 2538 1230 2620 463,
1277 2542 1335 2601 4.
1393 2538 1591 2619 γέλως
1638 2537 1760 2619 γὰρ
1808 2539 2065 2620 ἐχθροῖς
2113 2539 2376 2619 γίγνεται
2421 2538 2494 2600 τὰ
2541 2539 2767 2602 τοιάδε.
2820 2539 3047 2623 Adesp.

599 2630 747 2711 382,
796 2630 850 2691 9.
899 2628 1137 2692 Archil.
1188 2627 1282 2690 Fr.
1329 2629 1430 2706 94,
1478 2631 1534 2691 4.
1584 2626 1888 2691 Simonid.
1939 2629 2304 2710 Am01·g..7‚
2355 2628 2451 2691 74.
2505 2627 2739 2691 Herod.
2789 2627 2901 2691 111.
2946 2630 3047 2691 29.

597 2717 755 2798 ἀτὰρ
803 2755 887 2763 -
935 2719 1012 2781 οὐ
1069 2719 1394 2800 χαίροντες.
1446 2718 1684 2798 γέλωτα
1742 2718 1853 2799 ἐμὲ
1901 2718 2198 2800 θήσεσθε.
2257 2716 2435 2780 Dem.
2485 2739 2539 2801 p.
2590 2719 2694 2798 47,
2745 2719 2801 2779 6.
2852 2718 3050 2799 γέλως

598 2805 736 2870 ἔσθ’
802 2806 895 2876 ὡς
957 2809 1271 2889 χρώμεθα
1346 2813 1473 2877 τοῖς
1543 2807 1924 2887 πράγμασιν.
1992 2806 2246 2870 Lucian.
2295 2805 2507 2889 Epigr.
2557 2807 2603 2869 I.
2670 2808 2801 2870 ἀλλ’
2869 2809 2906 2870 δ
2971 2807 3048 2871 σὺ

597 2896 949 2977 θαυμάζεις
993 2895 1174 2959 τοῦθ’
1223 2897 1479 2978 ἑτέροισι
1525 2896 1740 2977 γέλως.

781 3003 923 3065 903.
973 3003 1169 3086 ξένῳ]
1219 3002 1489 3066 Creonti.

784 3092 927 3154 905.
979 3093 1057 3154 δι’
1105 3093 1299 3174 ὀργῆς
1346 3090 1529 3175 ἧκον]
1579 3090 1666 3154 Cf.
1716 3094 1863 3154 Ant.
1917 3095 2060 3155 742.
2112 3092 2212 3155 διὰ
2263 3093 2442 3175 δίκης
2487 3094 2604 3156 ἰὼν
2650 3094 2849 3174 πατρί.
2899 3092 3047 3155 Eur.

600 3181 800 3243 Andr.
858 3182 996 3243 175.
1056 3180 1156 3243 διὰ
1205 3181 1411 3262 φόνου
1471 3181 1528 3243 δ’
1577 3182 1638 3244 οἱ
1683 3181 1960 3262 φίλτατοι
2003 3183 2011 3263 Ι
2051 3188 2351 3263 χωροῦσι.
2411 3183 2557 3245 417.
2616 3181 2806 3265 Hipp.
2862 3184 3048 3244 1154.

603 3269 681 3334 δι’
729 3270 970 3352 ἔχθρας
1013 3275 1160 3351 μῶν
1206 3294 1292 3339 τις
1339 3268 1416 3351 ἦν
1462 3270 1841 3351 ἀφιγμένος,·
1901 3271 2133 3335 Phoen.
2186 3272 2329 3332 384.
2389 3271 2489 3334 διὰ
2536 3271 2752 3334 πόθου
2802 3272 2860 3334 δ’
2909 3272 3049 3353 ἐλή-

599 3358 782 3421 λυθα.
833 3360 979 3421 479.
1044 3359 1150 3421 καὶ
1212 3359 1302 3440 μὴ
1372 3358 1449 3421 δι’
1506 3360 1746 3440 ἔχθρας
1791 3360 1955 3439 τῷδε
2001 3360 2109 3423 καὶ
2154 3360 2360 3441 φόνου
2407 3360 2630 3439 μολὼν
2674 3360 2799 3423 κτλ.
2865 3362 3049 3423 1561.

602 3447 679 3510 δι’
728 3448 964 3518 ὀδύνας
1019 3449 1184 3530 ἔβας.
1253 3449 1352 3510 20.
1421 3446 1522 3509 Or.
1576 3450 1718 3510 745.
1787 3447 1950 3512 Med.
2001 3449 2100 3510 61.
2157 3450 2340 3511 1070.
2407 3450 2539 3533 Iph.
2593 3450 2664 3510 A.
2721 3451 2905 3513 1392.
2973 3451 3050 3512 οὐ

602 3537 700 3599 δεῖ
736 3536 918 3600 τόνδε
966 3536 1067 3599 διὰ
1113 3538 1325 3618 μάχης
1370 3538 1586 3618 μολεῖν
1628 3538 1634 3616 Ι
1675 3543 1865 3601 πᾶσιν
1902 3537 2218 3618 Ἀργείοις.
2269 3539 2415 3600 983.
2461 3538 2612 3602 Her.
2655 3539 2800 3600 625.
2834 3538 3049 3622 Suppl.

610 3626 749 3687 111.
795 3626 931 3688 Tro.
983 3627 1127 3688 909.
1176 3626 1361 3688 Hero.
1413 3628 1557 3689 220.
1604 3626 1906 3690 Μινύαισι
1946 3632 2097 3689 πᾶσι
2132 3627 2231 3689 διὰ
2278 3629 2490 3709 μάχης
2535 3628 2774 3709 μολών.
2825 3629 3050 3691 Bacch.

610 3715 793 3776 1024.
838 3715 1044 3796 μεθίει
1103 3714 1203 3777 διὰ
1263 3720 1471 3796 χερῶν
1517 3715 1823 3798 βλάστημ’
1871 3717 2063 3796 ἐμῶν.
2125 3717 2350 3779 Aesch.
2403 3717 2607 3779 From.
2662 3719 2803 3780 121.
2859 3717 3050 3781 Thuc.

601 3802 648 3866 I.
687 3804 784 3864 73.
836 3804 914 3865 δι’
963 3804 1174 3885 ὄχλου.
1226 3804 1379 3866 Plat„
1410 3804 1636 3886 Theag.
1672 3824 1727 3886 p.
1772 3806 1909 3867 130.
1960 3805 2040 3867 δι’
2089 3805 2430 3886 ἀπεχθείας
2478 3807 2765 3887 ἐγεγόνει.
2815 3804 3050 3869 Herod.

601 3890 648 3954 Ι.
691 3893 828 3954 169.
880 3892 981 3955 διὰ
1028 3894 1240 3975 μάχης
1287 3892 1403 3972 μὲν
1449 3892 1750 3956 ἀπικέατο
1791 3893 2107 3975 Ἁρπάγῳ.
2155 3893 2320 3957 ΧΘΠ.
2359 3898 2476 3956 An.
2511 3894 2623 3957 III.
2659 3897 2715 3956 2.
2750 3897 2807 3957 8.
2841 3896 3052 3965 αὐτοῖς

605 3979 706 4042 διὰ
753 3982 960 4062 φιλίας
1006 3983 1174 4044 ἴέναι.

783 4088 928 4150 907.
979 4087 1216 4151 Similis
1272 4089 1448 4152 locus
1505 4094 1599 4152 ost
1650 4091 1835 4152 Arist.
1889 4088 2027 4152 Pac.
2081 4090 2222 4152 138.
2281 4096 2394 4152 νῦν
2451 4090 2508 4153 δ’
2556 4090 2681 4153 ἅττ’
2730 4093 2808 4152 ἂν
2863 4091 3054 4162 αὐτὸς

607 4178 956 4258 καταφάγω
1004 4177 1075 4239 τὰ
1109 4179 1287 4250 σιτία,
1332 4177 1340 4259 Ι
1380 4178 1645 4241 τούτοισι
1678 4184 1803 4248 τοῖς
1835 4180 2072 4241 αὐτοῖσι
2103 4185 2322 4242 τοῦτον
2361 4181 2674 4262 χορτάσω.
2813 4181 3052 4262 οὕσπερ

608 4301 687 4310 -
735 4265 881 4335 τοὺς
926 4266 1196 4349 νόμους]
1265 4267 1353 4331 Cf.
1404 4272 1548 4331 Ant.
1598 4269 1744 4330 404.
1800 4268 2029 4350 ταύτην
2084 4271 2139 4349 γ’
2196 4268 2355 4331 ἰδὼν
2411 4270 2782 4332 θάπτουσαν
2843 4271 2919 4332 ὃν
2974 4269 3051 4332 σὺ

603 4353 711 4415 τὸν
774 4354 1000 4436 νεκρὸν
1041 4355 1049 4437 Ι
1092 4356 1374 4426 ἀπεῖπας.
1438 4356 1534 4419 Tr.
1591 4358 1774 4419 1208.
1845 4355 1941 4421 ὧν
2005 4359 2134 4439 ἔχω
2199 4359 2506 4420 παιώνιον
2569 4395 2636 4403 -
2684 4363 2812 4422 τῶν
2877 4360 3053 4440 ἐμῶν

605 4448 843 4506 κακῶν.
897 4445 1083 4512 Arist.
1133 4449 1249 4507 Av.
1298 4446 1445 4508 437.
1511 4445 1587 4508 σὺ
1637 4446 1706 4509 δὲ
1754 4446 1965 4510 τούσδ’
2014 4447 2115 4530 ἐφ’
2165 4446 2381 4528 οἷσπερ
2446 4453 2572 4516 τοῖς
2618 4447 2826 4531 λόγοις
2873 4449 3051 4512 συνέ-
