3463 5287
725 438 854 501 430
1757 452 2147 500 rnmoc'rmns

904 616 1051 678 885.
1098 613 1262 698 πρὸς
1314 614 1424 686 τὰς
1478 614 1812 696 παρούσας
1858 612 2230 697 ξυμφορὰς]
2289 611 2380 676 Of.
2429 611 2580 676 Eur.
2629 610 2774 677 Hel.
2825 612 2967 676 328.
3017 611 3180 695 πρὸς

724 705 833 777 τὰς
894 705 1089 788 τύχας
1150 704 1221 768 τὸ
1285 705 1502 788 χάρμα
1566 703 1713 775 τοὺς
1779 703 1970 786 γόους
2023 702 2075 765 τ’
2132 703 2251 786 ἔχε.
2307 702 2500 767 Thuc.
2546 701 2594 765 I.
2647 703 2790 766 140.
2847 702 3012 784 πρὸς
3076 700 3182 772 τὰς

725 794 1067 879 ξυμφορὰς
1111 794 1218 857 καὶ
1260 793 1371 865 τὰς
1418 794 1679 876 γνώμας
1722 793 2166 876 τρεπομένους.

904 884 1051 948 889.
1098 885 1259 947 αἰνῶ
1304 884 1461 957 τάδ’,
1508 881 1567 946 ὦ
1612 881 1758 966 παῖ]
1809 881 1900 946 Cf.
1951 882 2099 947 Eur.
2146 881 2335 946 Hero.
2385 883 2530 945 275.
2580 883 2894 965 γέροντες,
2941 881 3123 945 αἰνῶ.

905 974 1050 1037 890.
1096 973 1510 1056 βαρυνθῶσιν
1554 978 1726 1055 κακῇ
1773 971 1978 1056 ὀσμῇ]
2027 970 2118 1035 Of.
2165 970 2267 1036 Fr.
2316 972 2461 1035 635.
2518 971 2689 1055 ὀσμῇ
2742 972 2947 1055 μόνον
3003 971 3185 1040 ὅπως

722 1063 813 1147 μὴ
862 1063 1355 1146 βαρυνθήσεσθέ
1381 1086 1513 1145 μου
1547 1065 1652 1143 (ex
1684 1060 2038 1125 Philocteta
2080 1068 2174 1144 τῷ
2204 1061 2272 1124 ἓν
2308 1059 2501 1144 Τροίᾳ
2531 1059 2899 1147 sumptum).
2947 1060 3184 1124 Herod.

727 1151 836 1216 VI.
891 1153 1033 1216 119.
1081 1151 1291 1235 ὀδμὴν
1335 1152 1777 1235 παρεχόμενον
1821 1151 2078 1234 βαρέαν.

907 1260 1053 1323 895.
1100 1258 1474 1343 τούνθένδε]
1523 1258 1616 1323 Cf.
1658 1258 1808 1322 Eur.
1849 1256 2012 1323 Med.
2050 1257 2192 1322 773.
2241 1259 2492 1341 ᾤμωξα
2540 1256 2598 1319 δ’
2646 1257 2783 1321 οἷον
2827 1258 3018 1339 ἔργον
3068 1258 3185 1320 ἔστ’

728 1350 1065 1432 ἐργαστέον
1104 1349 1114 1431 Ι
1153 1348 1528 1412 τούντεῦθεν
1592 1349 1761 1431 ἡμῖν.
1826 1347 1960 1431 Iph.
2006 1346 2070 1410 Τ.
2122 1347 2222 1411 91.
2285 1346 2358 1411 τὸ
2424 1346 2483 1410 δ’
2548 1346 2794 1411 ἐνθένδ’
2844 1346 3037 1411 οὐδὲν
3085 1346 3185 1427 ἐρ-

728 1439 901 1522 ρήθη
949 1439 1130 1520 πέρα.
1193 1436 1350 1503 Heo.
1402 1439 1547 1501 725.
1610 1437 1955 1501 τούνθένδε
2018 1441 2311 1519 σιγῶμεν.
2376 1435 2568 1521 Hipp.
2618 1437 2763 1500 336.
2828 1436 3064 1519 σιγῷμ’
3112 1438 3190 1497 ἂν

726 1527 870 1612 ἤδη.
920 1525 1089 1609 Cyol.
1133 1528 1275 1591 134.
1323 1533 1451 1590 πᾶν
1500 1528 1571 1591 δέ
1615 1550 1714 1591 σοι
1763 1526 2066 1610 δρῴημεν
2111 1527 2205 1589 ἄν.

907 1617 1052 1680 896.
1100 1623 1218 1681 ποῖ
1253 1616 1394 1680 ποτ’
1441 1618 1664 1700 ἐξέβης
1700 1616 1944 1697 λόγων,·
1956 1615 1977 1700 ]
2033 1615 2081 1679 Ι.
2116 1635 2173 1697 q.
2223 1636 2368 1700 quo
2425 1615 2678 1681 tendit
2722 1616 2968 1680 oratio
3016 1617 3188 1680 tua?

729 1705 816 1771 Cf.
863 1706 959 1770 ΕΙ.
1011 1705 1199 1769 1174.
1245 1712 1364 1770 ποῖ
1400 1706 1611 1788 λόγων
1656 1706 2012 1789 ἀμηχανῶν
2052 1704 2062 1788 Ι
2102 1705 2312 1782 ἔλθω,·
2365 1706 2507 1769 Ant.
2560 1706 2748 1769 1342.

907 1796 1054 1860 897.
1101 1794 1277 1879 ἔπος]
1325 1795 1374 1858 Ι.
1407 1813 1457 1859 θ.
1504 1815 1675 1860 rem.
1755 1795 1846 1859 Cf.
1896 1794 1966 1857 Ο.
1998 1794 2070 1859 R.
2121 1795 2311 1858 1144.

908 1885 1054 1949 899.
1101 1885 1322 1950 ἐνθάδ’
1357 1922 1439 1930 —
1471 1884 1658 1949 τοῦδε
1700 1890 1815 1948 τοῦ
1860 1885 2118 1954 πάθους
2162 1882 2378 1967 κυρῶ]
2429 1883 2521 1948 Of.
2577 1884 2804 1949 Aesch.
2845 1882 2996 1948 Cho.
3040 1884 3187 1947 891.

729 1976 1003 2039 ἐνταῦθα
1052 1974 1173 2058 γὰρ
1222 1973 1301 2058 δὴ
1349 1973 1523 2039 τοῦδ’
1571 1973 1902 2057 ἀφικόμην
1947 1979 2174 2037 κακοῦ.

911 2083 1055 2146 900.
1104 2082 1181 2147 οὗ
1229 2082 1308 2165 δή
1360 2082 1499 2166 —-‚·]
1566 2080 1654 2145 Cf.
1700 2081 1797 2145 Tr.
1848 2081 1994 2145 668.
2052 2082 2130 2145 οὗ
2187 2081 2265 2164 δή
2321 2105 2375 2144 τι
2428 2087 2556 2146 τῶν
2614 2112 2697 2128 ——
2747 2081 3189 2165 δωρημάτων,·

731 2172 854 2237 Pro
921 2172 1237 2236 usitatiori
1303 2172 1380 2235 οὐ
1438 2171 1517 2255 δή
1574 2195 1753 2244 ποτε,
1820 2170 1915 2234 ΕΙ.
1968 2171 2156 2234 1108.
2201 2171 2298 2234 Tr.
2347 2171 2494 2235 876.
2678 2171 3009 2253 δυσχέρεια
3078 2176 3187 2234 τοῦ

728 2260 1117 2345 νοσήματος]
1185 2261 1275 2326 Of.
1324 2262 1472 2324 473.
1539 2260 1870 2344 δυσχέρεια
1933 2260 2054 2344 μὲν
2115 2259 2315 2345 πολλὴ
2380 2260 2570 2325 τοῦδε
2631 2266 2744 2324 τοῦ
2808 2261 3190 2344 φορήματσς

732 2354 885 2431 (νοσ.
902 2352 973 2431 1²).

911 2440 1038 2503 902
1071 2459 1161 2522 sq.
1210 2437 1297 2503 Cf.
1328 2438 1423 2502 Tr.
1459 2440 1605 2503 384.
1652 2440 1918 2522 λαθραῖ’
1966 2441 2038 2510 ὃς
2084 2439 2270 2504 ἀσκεῖ
2305 2439 2396 2523 μὴ
2439 2437 2742 2521 πρέποντ’
2789 2440 2967 2522 αὐτῷ
3013 2440 3185 2521 (πρέ-

730 2528 925 2593 πονθ’
974 2530 1148 2611 αύτῷ
1195 2526 1429 2612 Steph.)
1474 2530 1663 2592 κακά.
1844 2527 2248 2614 προσεικότα]
2298 2528 2388 2593 Of.
2436 2528 2531 2592 El.
2575 2530 2722 2592 618.
2769 2528 2919 2593 Eur.
2955 2528 3187 2594 Bacch.

736 2619 923 2683 1284.
969 2618 1383 2701 προσεικέναι.
1430 2619 1625 2683 Arist.
1672 2617 1842 2684 Eccl.
1897 2619 2082 2683 1161.
2129 2619 2545 2702 προσεικέναι.

912 2726 1057 2789 904.
1107 2723 1193 2789 Of.
1242 2724 1337 2789 ΕΙ.
1388 2726 1533 2789 618.
1582 2727 1795 2807 ἔξωρα
1840 2727 2114 2809 πράσσω
2160 2726 2326 2790 κσῦκ
2373 2726 2516 2809 ἐμοὶ
2560 2727 2956 2809 προσεικότα.

913 2815 1057 2879 910.
1104 2814 1307 2886 κακὸς
1353 2814 1642 2899 γνώμην]
1692 2814 1779 2879 Of.
1826 2816 1926 2899 Aj.
1961 2816 2108 2879 964.
2157 2818 2219 2879 οἱ
2262 2816 2453 2880 κακοὶ
2508 2818 2836 2899 γνώμαισι.
2893 2815 2988 2880 ΕΙ.
3042 2817 3187 2879 546.

731 2910 940 2968 κακοῦ
987 2905 1252 2988 γνώμην
1297 2905 1552 2987 πατρός.
1600 2906 1749 2967 472.
1799 2903 1870 2968 Ο.
1901 2905 1974 2969 R.
2026 2905 2216 2969 1086.
2268 2904 2427 2969 κατὰ
2475 2906 2742 2989 γνώμαν
2787 2905 2961 2988 ἴδρις.

914 2995 1058 3057 912.
1105 2994 1306 3058 λιπὼν
1350 2994 1469 3077 μὲν
1516 2994 1636 3058 οὐκ
1684 2994 1916 3078 ἔγωγε]
1977 2993 2068 3058 Of.
2123 2996 2310 3058 1389.
2355 2993 2452 3058 ΕΙ.
2503 2995 2648 3061 905.
2698 2995 3025 3078 δυσφημῶ
3070 2995 3189 3077 μὲν

733 3087 838 3157 οὓ,
880 3084 890 3168 Ι
929 3091 1101 3167 χαρᾷ
1165 3084 1234 3148 δὲ
1301 3083 1619 3167 πίμπλημ’
1665 3084 1792 3147 κτλ.
1854 3083 2041 3147 1036.
2089 3083 2337 3166 ἀτιμίας
2380 3084 2499 3167 μὲν
2546 3088 2651 3158 οὒ,
2698 3084 3073 3167 προμηθίας
3120 3082 3188 3146 δὲ

731 3180 867 3238 σοῦ.
912 3174 1009 3236 Tr.
1058 3175 1205 3236 458.
1251 3173 1322 3236 τὸ
1366 3173 1457 3257 μὴ
1506 3174 1859 3245 πυθέσθαι,
1914 3173 2099 3236 τοῦτό
2148 3176 2216 3255 μ’
2264 3173 2582 3255 ἀλγύνειεν
2627 3174 2723 3237 ἄν.
2771 3171 2841 3237 Ο.
2873 3172 2947 3236 Β.
3000 3172 3187 3237 1163.

732 3262 892 3345 ἐμὸν
934 3263 1054 3345 μὲν
1101 3263 1221 3326 οὐκ
1268 3264 1485 3344 ἔγωγε.
1534 3263 1681 3326 407.
1733 3262 1803 3326 O.
1837 3261 1903 3326 C.
1955 3263 2100 3326 504.
2152 3262 2298 3326 639.

914 3370 1060 3433 915.
1108 3370 1298 3434 οὐδέν
1343 3394 1413 3433 σε
1457 3369 1729 3453 κρύψω]
1781 3369 1872 3434 Of.
1918 3369 2014 3433 ΕΙ.
2049 3369 2196 3432 957.
2245 3369 2433 3434 οὐδὲν
2480 3370 2602 3454 γάρ
2648 3394 2718 3434 σε
2765 3370 2865 3434 δεῖ
2892 3370 3188 3453 κρύπτειν

732 3460 802 3541 μ’
851 3461 949 3522 ἔτι.
998 3459 1191 3523 Arist.
1242 3458 1332 3522 ΡΙ.
1383 3461 1483 3522 26.
1532 3459 1721 3523 οὐδέν
1767 3482 1838 3523 σε
1881 3460 2139 3542 κρύψω.

916 3548 1060 3612 917.
1108 3549 1165 3611 τί
1216 3546 1417 3632 εἶπας]
1485 3548 1576 3612 Cf.
1622 3547 1717 3611 Tr.
1772 3549 1959 3612 1203.
2007 3549 2065 3612 τί
2113 3547 2324 3626 εἶπας,·
2399 3547 2505 3613 Sic
2549 3550 2608 3612 τί
2648 3549 2841 3625 ἕστιν,·
2886 3549 3000 3614 Ph.
3044 3550 3185 3615 733.

738 3639 882 3701 753.
946 3638 1005 3700 τί
1064 3635 1179 3701 οὖν
1242 3636 1400 3701 Phil.
1462 3638 1605 3702 100.
1671 3638 1771 3720 Aj.
1830 3638 1976 3701 873.
2041 3638 2274 3703 Aesch.
2322 3638 2506 3703 Eum.
2557 3638 2704 3703 902.
2775 3638 2991 3723 Suppl.
3042 3637 3184 3702 306.

692 3727 907 3791 ‘Pers
959 3727 1103 3789 787.
1152 3726 1316 3810 Sept.
1365 3727 1511 3790 218.
1563 3728 1707 3790 704.

916 3815 1060 3879 919.
1109 3820 1310 3880 σῶσαι
1355 3823 1563 3880 κακοῦ
1598 3815 1715 3900 -]
1766 3814 1854 3881 Of.
1887 3817 2034 3881 Ant.
2074 3816 2261 3880 1162.
2309 3818 2523 3888 σώσας
2560 3816 2682 3901 μὲν
2713 3816 2974 3901 ἐχθρῶν
3003 3815 3185 3902 τήνδε

733 3904 1066 3987 Καδμείαν
1111 3905 1308 3969 πόλιν.
1356 3905 1451 3970 ΕΙ.
1506 3906 1690 3969 1133.
1743 3906 2246 3970 κάνασώσασθαι
2293 3907 2519 3989 φόνου.

917 4014 1061 4076 921.
1109 4012 1218 4076 καὶ
1263 4012 1405 4097 -,·]
1454 4013 1545 4078 Of.
1592 4015 1745 4078 Ant.
1798 4014 1985 4077 1102.
2034 4011 2129 4078 ΕΙ.
2184 4013 2371 4077 1046.

916 4104 1061 4166 927.
1109 4099 1167 4166 ὦ
1221 4108 1351 4186 πῦρ
1408 4101 1485 4167 σὺ
1535 4100 1650 4188 —]
1728 4102 1820 4167 Of.
1879 4101 1951 4166 Ο.
1986 4105 2047 4166 G.
2100 4104 2245 4166 761.
2310 4101 2368 4167 ὦ
2431 4104 2635 4167 πάντα
2699 4105 2954 4188 τολμῶν
3016 4100 3182 4168 κάπὸ

734 4192 969 4263 παντὸς
1013 4194 1093 4255 ἂν
1132 4194 1355 4276 φέρων
1395 4192 1404 4278 Ι
1444 4192 1639 4275 λόγου
1688 4192 1934 4256 δικαίου
1980 4193 2331 4276 μηχάνημα
2378 4193 2679 4258 ποικίλον.
2815 4199 2944 4258 πᾶν
2981 4189 3182 4276 δεῖμα]

736 4282 988 4347 Morus
1036 4286 1306 4365 terror,
1353 4283 1390 4345 i.
1425 4301 1477 4346 e.
1526 4281 1789 4346 omnino
1837 4281 2157 4346 terribilis.
2225 4281 2316 4346 Of.
2351 4280 2445 4346 El.
2482 4283 2627 4347 301.
2674 4284 2714 4365 ἡ
2761 4288 2934 4347 πᾶσα
2964 4282 3182 4366 βλάβη.

736 4371 901 4436 Phil.
951 4372 1096 4435 623.
1143 4372 1335 4436 Arist.
1381 4371 1489 4434 Th.
1542 4373 1684 4435 787.
1733 4371 1827 4442 ὡς
1871 4376 2001 4435 πᾶν
2047 4371 2236 4453 ἐσμὲν
2280 4371 2486 4436 κακὸν
2532 4372 2922 4456 ἀνθρώποις.

918 4462 1063 4524 928.
1108 4459 1389 4545 τέχνημ’]
1437 4459 1525 4524 Cf.
1566 4461 1795 4527 Aesch.
1827 4460 1927 4525 Fr.
1962 4462 2089 4524 338
2110 4460 2186 4526 D.
2233 4461 2488 4545 κάπηλα
2535 4464 2929 4546 προσφέρων
2973 4460 3179 4545 τεχνή-

735 4575 920 4636 ματα.
969 4549 1119 4614 Eur.
1166 4551 1302 4634 Iph.
1348 4551 1412 4614 T.
1468 4553 1653 4614 1355.
1703 4552 1880 4616 δόλια
1929 4551 2299 4634 τεχνήματα.
