3463 5287
608 382 692 447 56
1687 399 1983 446 Ammona

787 561 936 624 280.
982 559 1072 625 Of.
1124 560 1223 624 Tr.
1273 561 1416 624 396.
1493 561 1703 643 ᾄσσεις
1764 558 1914 642 πρὶν
1976 560 2147 642 ἡμᾶς
2209 558 2316 622 καὶ
2388 558 2755 622 νεώσασθαι
2817 557 3063 640 λόγους.

608 650 802 714 Arist.
849 648 944 713 Pl.
994 650 1140 713 259.
1206 648 1283 714 σὺ
1332 648 1390 713 δ’
1437 650 1634 723 ἀξιοῖς
1687 650 1842 720 ἴσως
1894 672 1977 731 με
2030 649 2170 713 θεῒν
2222 647 2371 731 πρὶν
2424 653 2615 711 ταῦτα
2670 647 2778 710 καὶ
2823 648 3065 729 φράσαι

606 763 719 822 μοι
765 744 880 805 etc.
958 738 1064 804 Sic
1106 738 1196 822 μὴ
1245 738 1353 802 καὶ
1399 738 1561 803 Phil.
1613 739 1714 802 13.
1749 739 1851 802 46.
1988 737 2183 820 ὀργῆς
2231 774 2311 782 -
2359 736 2708 821 μεστῶσαι]
2758 736 2850 800 Cf.
2900 734 3062 800 O.C.

612 829 758 893 768.
806 828 940 892 ἀλλ’
985 828 1148 912 ἡνίκ’
1195 828 1321 911 ἤδη
1367 826 1597 910 μεστὸς
1641 826 1722 910 ἦν
1767 828 2209 910 θυμούμενος,
2257 833 2371 890 eto.

789 918 936 981 281.
985 917 1073 982 Of.
1123 916 1193 981 O.
1226 917 1297 982 R.
1352 917 1540 981 1213.
1597 917 1841 1000 ἐφῆυρέ
1884 915 1941 980 σ’
1987 916 2219 979 ἄκονθ’
2267 916 2304 979 ὁ
2348 915 2547 979 πάνθ’
2594 915 2771 997 δρῶν
2816 914 3065 998 χρόνος.

612 1005 683 1071 Ο.
718 1004 782 1070 C.
832 1008 978 1071 930.
1026 1005 1176 1071 Eur.
1224 1007 1363 1071 Alc.
1402 1008 1545 1070 728.
1592 1006 1767 1090 τήνδ’
1815 1006 2091 1089 ἐφηῦρες
2135 1006 2407 1088 ἄφρονα.
2455 1004 2643 1069 Herc.
2680 1005 2824 1067 569.
2874 1004 3067 1075 ὅσους

608 1095 853 1167 κακοὺς
900 1096 1200 1179 ἐφηῦρον.
1249 1096 1448 1160 Andr.
1497 1095 1644 1159 608.
1690 1094 1900 1178 κακὴν
1946 1095 2308 1178 ἐφευρόντα.
2360 1094 2496 1178 Iph.
2542 1093 2607 1157 Τ.
2659 1094 2803 1157 708.
2851 1093 3064 1176 φίλτα-

533 1266 541 1270 ,
607 1186 716 1250 τόν
772 1185 829 1249 σ’
876 1182 1080 1268 ηὗρον
1132 1184 1353 1267 φίλων.
1423 1185 1612 1249 Arist.
1660 1185 1776 1267 Eq.
1829 1184 2016 1247 1349.
2083 1185 2289 1255 οὕτως
2353 1184 2621 1266 ἀνόητος
2685 1181 3068 1266 ἐγεγενήμην

610 1273 719 1339 καὶ
764 1275 1005 1357 γέρων,·

790 1381 936 1445 283.
982 1380 1290 1464 πρόνοιαν
1354 1382 1546 1463 ἴσχειν
1594 1417 1674 1427 ——
1721 1379 1899 1464 πέρι]
1975 1377 2061 1443 of.
2119 1379 2278 1443 Phil.
2338 1380 2484 1442 621.
2557 1381 2666 1443 κεῖ
2722 1402 2888 1450 τινος
2949 1381 3066 1463 κή-

614 1471 706 1535 δει
750 1471 833 1535 πέ
874 1495 909 1533 ι.

792 1494 940 1623 285.
987 1560 1300 1642 ἔκρυπτον
1346 1557 1561 1644 αὐτὸν]
1610 1557 1697 1623 Cf.
1733 1560 1878 1622 254.
1927 1559 1964 1623 ὁ
2009 1559 2128 1642 μὲν
2169 1558 2289 1641 γὰρ
2321 1558 2657 1641 ἠφάνιστο,
2706 1565 2820 1623 eto.
2893 1556 3070 1633 Quae

612 1667 714 1713 res
761 1646 965 1713 Choro
1028 1649 1337 1731 θεήλατος
1401 1649 1669 1713 videtur.
1852 1649 2236 1731 ἀμφικίονας
2300 1646 2525 1731 ναοὺς]
2593 1647 2683 1711 Of.
2737 1646 2886 1710 Eur.
2934 1646 3068 1731 Iph.

611 1738 676 1802 T.
723 1739 871 1805 405.
917 1738 1280 1820 περικίονας
1324 1738 1534 1808 ναούς.
1582 1737 1734 1802 Eur.
1781 1738 1880 1802 Fr.
1932 1738 2078 1816 370,
2128 1740 2183 1800 5.
2239 1738 2585 1819 περικίοσιν
2618 1775 2698 1783 -
2733 1736 3069 1819 θαλάμοις.

793 1827 940 1890 287.
989 1825 1370 1911 διασκεδῶν]
1420 1826 1508 1891 of.
1560 1829 1676 1889 Av.
1730 1828 1918 1891 1053.
1964 1827 2056 1891 τὼ
2102 1827 2289 1890 κάδω
2338 1826 2674 1890 διασκεδῶ.

793 1917 940 1980 288.
987 1915 1271 2001 εἰσορᾷς]
1320 1916 1445 1981 Ρ1·0
1492 1916 1771 2000 simplici
1818 1917 2001 1999 ὁρᾷς,
2052 1917 2216 1979 utin
2253 1917 2398 1978 476.
2435 1914 2806 1980 Ο.Ο.1097.
2842 1916 3069 1980 Aesoh.

614 2005 785 2070 Pers.
834 2007 980 2069 212.
1027 2005 1251 2089 κίρκον
1296 2007 1545 2089 εἰσορῶ.

793 2114 942 2177 289.
986 2112 1236 2184 πόλεως
1299 2110 1559 2196 ἄνδρες]
1625 2110 1716 2176 Cf.
1775 2110 1964 2196 Soph.
2023 2115 2172 2176 Ant.
2231 2112 2377 2176 289.
2452 2118 2643 2175 ταῦτα
2707 2111 2816 2175 καὶ
2877 2112 3072 2174 πάλαι

614 2201 864 2271 πόλεως
904 2201 915 2284 Ι
955 2201 1225 2283 ἄνδρες
1286 2202 1470 2284 μόλις
1532 2203 1833 2284 φέροντες
1896 2202 2216 2284 ἐρρόθουν
2263 2202 2420 2283 ἐμοί
2479 2202 2577 2284 Aj.
2631 2202 2816 2264 1044.
2866 2202 3069 2283 ἄνδρα

616 2294 901 2373 στρατοῦ.
950 2290 1044 2354 El.
1081 2291 1225 2354 759.
1272 2291 1500 2374 ἄνδρες
1554 2289 1862 2354 Φωκέων.
1914 2292 2140 2354 Aesch.
2175 2289 2339 2398 S..ept'
2373 2293 2477 2354 57.
2512 2291 2801 2372 ἀρίστους
2831 2291 3072 2372 ἄνδρας

616 2379 942 2492 ἐκκρίτους
985 2380 1252 2450 πόλεως.
1317 2381 1510 2443 Arist.
1558 2379 1672 2462 Eq.
1721 2382 1869 2444 425.
1935 2379 2097 2463 ἀνὴρ
2151 2385 2281 2444 τῶν
2326 2380 2637 2463 ρητόρων.
2702 2379 2874 2444 Ecol.
2925 2381 3070 2443 348.

615 2468 771 2551 γυνὴ
822 2506 905 2515 ...
951 2472 1080 2532 τῶν
1142 2469 1364 2551 φίλων.
1430 2469 1588 2532 Αο11.
1639 2470 1785 2532 515.
1832 2471 2022 2551 ἡμῶν
2070 2507 2152 2516 —-
2200 2469 2443 2552 ἄνδρες.
2621 2468 2904 2552 πόλεως]
2961 2468 3073 2533 Di-

614 2556 953 2642 syllabum.
1031 2555 1125 2621 of.
1177 2557 1603 2623 1168050110.
1654 2559 1800 2622 283.

797 2667 944 2730 291.
992 2665 1082 2731 Cf.
1139 2666 1368 2731 Aesoh.
1428 2667 1545 2749 Ag.
1598 2667 1786 2730 1033.
1853 2666 2107 2749 χαλινὸν
2175 2666 2232 2730 δ’
2281 2667 2402 2730 οὐκ
2467 2667 2777 2730 ἐπίσταται
2841 2668 3072 2749 φέρειν.

703 2755 833 2821 ὑπὸ
879 2756 1059 2837 ζυγῷ·
1103 2754 1222 2840 -]
1280 2754 1368 2818 Cf.
1423 2755 1605 2819 Pind.
1656 2754 1724 2819 P.
1772 2755 1854 2820 II.
1904 2757 2004 2819 93.
2060 2756 2277 2838 φέρειν
2333 2756 2390 2819 δ’
2448 2756 2745 2837 ἐλαφρῶς
2800 2758 3071 2839 ἐπαυχέ-

616 2870 751 2911 νιον
795 2845 1067 2928 λαβόντα
1116 2844 1310 2926 ζυγὸν
1356 2844 1591 2927 ἀρήγει.

796 2954 943 3015 292.
991 2951 1374 3035 Cf.Theogn.
1401 2953 1588 3015 1023.
1637 2953 1870 3016 οὔποτε
1913 2958 2041 3023 τοῖς
2087 2952 2407 3034 ἐχθροῖσιν
2439 2952 2566 3015 ὑπὸ
2612 2951 2804 3034 ζυγὸν
2835 2953 3072 3035 αὐχένα

618 3042 809 3124 θήσω
851 3041 861 3124 Ι
902 3040 1243 3123 δύσλοφον.
1305 3041 1530 3105 Aesoh.
1583 3040 1786 3105 Prom.
1838 3042 1985 3104 931.
2041 3041 2149 3104 καὶ
2202 3041 2405 3105 τῶνδέ
2461 3042 2517 3124 γ’
2564 3043 2686 3115 ἕξει
2734 3042 3072 3124 δυσλοφω·

616 3131 838 3214 τέρους
882 3130 1139 3200 πόνους.
1284 3130 1379 3200 ὡς
1425 3130 1698 3212 στέργειν
1745 3129 1889 3214 ἐμέ]
1961 3129 2052 3195 So
2118 3150 2197 3194 as
2262 3139 2332 3194 to
2399 3137 2531 3214 put
2594 3150 2690 3215 up
2740 3132 2916 3195 with
2962 3150 3075 3195 1116

620 3222 771 3303 (my
828 3219 1041 3300 rulo).
1121 3217 1212 3283 Cf.
1261 3219 1489 3283 Aesch.
1538 3218 1746 3283 Prom.
1800 3220 1898 3282 11.
1964 3220 2058 3290 ὡς
2120 3222 2200 3282 ἂν
2266 3220 2546 3303 διδαχθῇ
2608 3220 2721 3302 τὴν
2769 3219 2917 3291 Διὸς
2969 3245 3072 3283 τυ-

618 3309 880 3392 ραννίδα
923 3309 932 3391 Ι
973 3309 1261 3391 στέργειν.
1332 3307 1498 3391 Sept.
1548 3309 1694 3372 694.
1759 3309 1990 3373 πείθου
2056 3310 2296 3391 γυναιξὶ
2359 3310 2587 3392 καίπερ
2653 3308 2732 3372 οὔ
2796 3311 3076 3391 στέργων

618 3398 818 3481 ὅμως.
896 3396 993 3461 De
1047 3398 1142 3468 ὡς
1196 3416 1310 3482 pro
1366 3398 1528 3462 ὥστε
1581 3398 1785 3482 posito
1833 3400 1906 3462 cf.
1953 3399 2050 3461 Tr.
2104 3400 2291 3461 1125.
2347 3398 2440 3469 ὡς
2494 3398 2704 3462 κλύειν
2749 3399 2877 3480 ἐμέ.
2929 3400 3075 3462 303.

620 3486 690 3551 Ο.
722 3485 796 3549 R.
829 3488 931 3550 84.
980 3487 1209 3552 Aesch.
1257 3485 1423 3571 Sept.
1473 3489 1618 3551 540.
1667 3489 1785 3570 Ag.
1837 3489 1982 3551 349.
2036 3488 2223 3550 1159.
2272 3486 2455 3550 Eum.
2506 3487 2606 3551 36.
2659 3488 2802 3551 746.

798 3577 944 3639 295.
993 3574 1085 3640 Cf.
1129 3576 1230 3641 Fr.
1281 3577 1426 3641 500.
1492 3576 1682 3641 οὐδὲν
1738 3577 1860 3658 γὰρ
1917 3578 2108 3658 ἄλγος
2162 3576 2298 3640 οἷον
2353 3578 2392 3659 ἡ
2440 3576 2640 3660 πολλὴ
2691 3578 2825 3660 ζόη.
2883 3578 3076 3641 Arist.

620 3664 765 3748 Lys.
818 3666 960 3729 135.
1010 3668 1129 3729 AV.
1180 3665 1325 3729 966.
1374 3666 1504 3729 ἀλλ’
1553 3665 1744 3731 οὐδὲν
1791 3666 1926 3730 οἶόν
1973 3666 2093 3730 ἐστ’
2140 3666 2411 3729 ἀκοῦσαι
2455 3671 2584 3729 τῶν
2630 3667 2870 3749 νόμων.
2921 3667 3076 3730 Plat„

621 3753 809 3838 Gorg.
856 3774 914 3837 p.
964 3754 1020 3815 5.
1068 3754 1258 3818 οὐδὲν
1304 3754 1440 3818 οἷον
1484 3754 1555 3818 τὸ
1602 3755 1797 3819 αὐτὸν
1842 3756 2103 3838 ἐρωτᾶν,
2152 3752 2210 3819 ὦ
2256 3754 2619 3838 Σώκρατες.

799 3862 944 3924 296.
992 3860 1305 3944 νόμισμα]
1365 3860 1457 3924 Cf.
1507 3862 1731 3925 Aesch.
1782 3860 1947 3944 Sept.
1997 3863 2141 3925 269.
2193 3862 2363 3925 PerS.
2415 3863 2560 3925 859.
2741 3869 2926 3928 τοῦτο
2972 3864 3080 3927 καὶ

618 3949 831 4020 πόλεις
875 3948 996 4034 -]
1065 3949 1295 4013 Confer
1357 3951 1632 4015 similem
1696 3951 1912 4015 locum
1970 3951 2097 4014 673
2132 3971 2221 4034 sq.
2288 3953 2471 4034 αὕτη
2536 3952 2747 4022 πόλεις
2811 3952 3077 4026 ὄλλυσιν,

620 4038 724 4121 ἥδ’
772 4039 1157 4109 ἀναστάτους
1197 4040 1206 4120 Ι
1249 4040 1466 4110 οἴκους
1519 4041 1781 4123 τίθησιν,
1839 4041 1953 4123 ἥδε
1998 4042 2343 4122 συμμάχου
2392 4040 2586 4124 δορὸς
2626 4041 2636 4120 Ι
2676 4041 2915 4124 τροπὰς
2960 4066 3070 4105 κα·

618 4129 1015 4210 ταρρήγνυσι.
1095 4125 1181 4190 Of.
1241 4127 1462 4210 Polyb.
1522 4129 1636 4193 III.
1687 4132 1790 4193 81.
1856 4131 2005 4193 ἔνιοι
2071 4130 2140 4193 δὲ
2208 4128 2310 4193 διὰ
2376 4130 2488 4213 τὴν
2550 4131 2716 4214 πρὸς
2779 4131 2889 4202 τὰς
2949 4136 3080 4195 τῶν

621 4217 1019 4299 ἀφροδισίων
1065 4216 1273 4300 ὁρμὰς
1308 4255 1389 4263 -
1422 4219 1721 4302 ἔκπληξιν
1768 4219 1845 4282 οὗ
1890 4219 2096 4301 μόνον
2136 4219 2348 4289 πόλεις
2392 4219 2500 4283 καὶ
2543 4221 2724 4303 βίους
2772 4222 3078 4302 (οἴκουςΡ)

619 4306 1002 4377 ἀναστάτους
1046 4308 1464 4390 πεποιήκασιν
1509 4315 1625 4372 oto.

800 4396 944 4459 298.
993 4396 1419 4478 παραλλάσσει
1464 4398 1704 4480 φρένας
1739 4394 1856 4480 -]
1906 4397 1995 4461 Cf.
2032 4398 2176 4461 792.
2224 4396 2302 4461 σὺ
2349 4398 2457 4461 καὶ
2503 4398 2771 4463 δικαίων
2817 4399 3080 4473 ἀδίκους

620 4485 861 4567 φρένας
905 4493 1311 4568 παρασπᾷς
1348 4485 1457 4549 ἐπὶ
1501 4488 1702 4570 λώβᾳ.
