<?xml version="1.0" encoding="UTF-8"?>
<!DOCTYPE html PUBLIC "-//W3C//DTD XHTML 1.0 Transitional//EN"
    "http://www.w3.org/TR/xhtml1/DTD/xhtml1-transitional.dtd">
<html xmlns="http://www.w3.org/1999/xhtml" xml:lang="en" lang="en">
 <head>
  <title>
</title>
<meta http-equiv="Content-Type" content="text/html;charset=utf-8" />
  <meta name='ocr-system' content='tesseract 3.04.00' />
  <meta name='ocr-capabilities' content='ocr_page ocr_carea ocr_par ocr_line ocrx_word'/>
</head>
<body>
  <div class='ocr_page' id='page_1' title='image "./spicilegiumsoph01blaygoog_0443.png"; bbox 0 0 3463 5287; ppageno 0'>
   <div class='ocr_carea' id='block_1_1' title="bbox 1385 430 2799 497">
    <p class='ocr_par' dir='ltr' id='par_1_1' title="bbox 1385 430 2799 497">
     <span class='ocr_line' id='line_1_1' title="bbox 1385 430 2799 497; baseline -0.002 -2"><span class='ocrx_word' id='word_1_1' title='bbox 1385 449 1774 497; x_wconf 68' lang='lat' dir='ltr'><strong><em>pannem-trs</em></strong></span> <span class='ocrx_word' id='word_1_2' title='bbox 2675 430 2799 493; x_wconf 86' lang='lat'><strong><em>431</em></strong></span> 
     </span>
    </p>
   </div>
   <div class='ocr_carea' id='block_1_2' title="bbox 352 609 2812 1232">
    <p class='ocr_par' dir='ltr' id='par_1_2' title="bbox 354 609 2808 874">
     <span class='ocr_line' id='line_1_2' title="bbox 534 609 2808 695; baseline -0.003 -19"><span class='ocrx_word' id='word_1_3' title='bbox 534 612 678 676; x_wconf 87' lang='lat'>931.</span> <span class='ocrx_word' id='word_1_4' title='bbox 743 610 852 675; x_wconf 86' lang='grc' dir='ltr'><strong><em>τὸν</em></strong></span> <span class='ocrx_word' id='word_1_5' title='bbox 914 610 1079 695; x_wconf 85' lang='grc' dir='ltr'><strong><em>βίον]</em></strong></span> <span class='ocrx_word' id='word_1_6' title='bbox 1145 611 1474 677; x_wconf 84' lang='lat' dir='ltr'><strong>Victum.</strong></span> <span class='ocrx_word' id='word_1_7' title='bbox 1552 610 1641 675; x_wconf 83' lang='lat' dir='ltr'><strong><em>cf.</em></strong></span> <span class='ocrx_word' id='word_1_8' title='bbox 1702 613 1848 675; x_wconf 86' lang='lat'><strong>933.</strong></span> <span class='ocrx_word' id='word_1_9' title='bbox 1910 611 2097 675; x_wconf 87' lang='grc'><strong>1282.</strong></span> <span class='ocrx_word' id='word_1_10' title='bbox 2163 611 2355 675; x_wconf 83' lang='lat' dir='ltr'><strong>Arist.</strong></span> <span class='ocrx_word' id='word_1_11' title='bbox 2413 609 2557 674; x_wconf 85' lang='lat' dir='ltr'>Pac.</span> <span class='ocrx_word' id='word_1_12' title='bbox 2620 610 2808 673; x_wconf 85' lang='lat'><strong><em>1212.</em></strong></span> 
     </span>
     <span class='ocr_line' id='line_1_3' title="bbox 354 699 2808 784; baseline -0.003 -17"><span class='ocrx_word' id='word_1_13' title='bbox 354 702 690 772; x_wconf 82' lang='grc' dir='ltr'><strong><em>ἀπώλεσάς</em></strong></span> <span class='ocrx_word' id='word_1_14' title='bbox 733 724 864 783; x_wconf 89' lang='grc' dir='ltr'><strong><em>μου</em></strong></span> <span class='ocrx_word' id='word_1_15' title='bbox 910 701 1023 784; x_wconf 85' lang='grc' dir='ltr'><strong><em>τὴν</em></strong></span> <span class='ocrx_word' id='word_1_16' title='bbox 1067 702 1288 784; x_wconf 88' lang='grc' dir='ltr'><strong><em>τέχνην</em></strong></span> <span class='ocrx_word' id='word_1_17' title='bbox 1333 702 1442 765; x_wconf 80' lang='grc' dir='ltr'><strong><em>καὶ</em></strong></span> <span class='ocrx_word' id='word_1_18' title='bbox 1495 700 1604 764; x_wconf 85' lang='grc' dir='ltr'><strong><em>τὸν</em></strong></span> <span class='ocrx_word' id='word_1_19' title='bbox 1655 702 1812 783; x_wconf 87' lang='grc' dir='ltr'><strong><em>βίον.</em></strong></span> <span class='ocrx_word' id='word_1_20' title='bbox 1893 699 2132 764; x_wconf 78' lang='lat' dir='ltr'><strong>Eodem</strong></span> <span class='ocrx_word' id='word_1_21' title='bbox 2192 719 2384 765; x_wconf 82' lang='lat' dir='ltr'><strong>sensu</strong></span> <span class='ocrx_word' id='word_1_22' title='bbox 2438 700 2617 783; x_wconf 86' lang='grc' dir='ltr'><strong><em>βιοτή</em></strong></span> <span class='ocrx_word' id='word_1_23' title='bbox 2668 700 2808 761; x_wconf 94' lang='grc'><strong>164.</strong></span> 
     </span>
     <span class='ocr_line' id='line_1_4' title="bbox 358 789 1482 874; baseline -0.003 -19"><span class='ocrx_word' id='word_1_24' title='bbox 358 792 545 855; x_wconf 91' lang='grc'><strong>1159.</strong></span> <span class='ocrx_word' id='word_1_25' title='bbox 623 789 713 853; x_wconf 84' lang='lat' dir='ltr'><strong><em>Of.</em></strong></span> <span class='ocrx_word' id='word_1_26' title='bbox 763 789 833 854; x_wconf 95' lang='grc' dir='ltr'><strong><em>Ο.</em></strong></span> <span class='ocrx_word' id='word_1_27' title='bbox 866 790 933 855; x_wconf 86' lang='lat' dir='ltr'><strong><em>C.</em></strong></span> <span class='ocrx_word' id='word_1_28' title='bbox 984 791 1128 854; x_wconf 86' lang='grc'><strong>747.</strong></span> <span class='ocrx_word' id='word_1_29' title='bbox 1174 791 1482 874; x_wconf 85' lang='grc' dir='ltr'><strong><em>βιοστερῆ.</em></strong></span> 
     </span>
    </p>

    <p class='ocr_par' dir='ltr' id='par_1_3' title="bbox 353 876 2811 1053">
     <span class='ocr_line' id='line_1_5' title="bbox 534 876 2811 962; baseline -0.001 -19"><span class='ocrx_word' id='word_1_30' title='bbox 534 881 680 943; x_wconf 96' lang='grc'><strong>932.</strong></span> <span class='ocrx_word' id='word_1_31' title='bbox 729 880 818 943; x_wconf 86' lang='lat' dir='ltr'><strong><em>Cf.</em></strong></span> <span class='ocrx_word' id='word_1_32' title='bbox 868 881 1013 943; x_wconf 84' lang='lat'><strong><em>924.</em></strong></span> <span class='ocrx_word' id='word_1_33' title='bbox 1050 880 1196 944; x_wconf 91' lang='grc'><strong>950.</strong></span> <span class='ocrx_word' id='word_1_34' title='bbox 1231 880 1376 943; x_wconf 90' lang='grc'><strong>981.</strong></span> <span class='ocrx_word' id='word_1_35' title='bbox 1426 878 1577 943; x_wconf 86' lang='lat' dir='ltr'><strong>Eur.</strong></span> <span class='ocrx_word' id='word_1_36' title='bbox 1613 879 1811 942; x_wconf 83' lang='lat' dir='ltr'><strong>Andr.</strong></span> <span class='ocrx_word' id='word_1_37' title='bbox 1849 879 1995 942; x_wconf 88' lang='lat'>841.</span> <span class='ocrx_word' id='word_1_38' title='bbox 2041 880 2100 942; x_wconf 90' lang='grc' dir='ltr'><strong><em>τί</em></strong></span> <span class='ocrx_word' id='word_1_39' title='bbox 2137 903 2251 962; x_wconf 89' lang='grc' dir='ltr'><strong><em>μοι</em></strong></span> <span class='ocrx_word' id='word_1_40' title='bbox 2283 880 2467 962; x_wconf 80' lang='grc' dir='ltr'><strong><em>ξίφος</em></strong></span> <span class='ocrx_word' id='word_1_41' title='bbox 2497 879 2569 942; x_wconf 77' lang='grc' dir='ltr'><strong><em>ἐκ</em></strong></span> <span class='ocrx_word' id='word_1_42' title='bbox 2600 876 2811 961; x_wconf 87' lang='grc' dir='ltr'><strong><em>χειρὸς</em></strong></span> 
     </span>
     <span class='ocr_line' id='line_1_6' title="bbox 353 966 2707 1053; baseline -0.002 -19"><span class='ocrx_word' id='word_1_43' title='bbox 353 970 683 1053; x_wconf 85' lang='grc' dir='ltr'><strong><em>ἠγρεύσω,·</em></strong></span> <span class='ocrx_word' id='word_1_44' title='bbox 723 968 731 1053; x_wconf 96' lang='grc' dir='ltr'>Ι</span> <span class='ocrx_word' id='word_1_45' title='bbox 774 969 1047 1042; x_wconf 83' lang='grc' dir='ltr'><strong><em>ἀπόδος,</em></strong></span> <span class='ocrx_word' id='word_1_46' title='bbox 1095 966 1154 1032; x_wconf 84' lang='grc' dir='ltr'><strong><em>ὦ</em></strong></span> <span class='ocrx_word' id='word_1_47' title='bbox 1200 970 1378 1053; x_wconf 80' lang='grc' dir='ltr'><strong><em>φίλη,</em></strong></span> <span class='ocrx_word' id='word_1_48' title='bbox 1425 969 1697 1042; x_wconf 77' lang='grc' dir='ltr'><strong><em>ἀπόδος,</em></strong></span> <span class='ocrx_word' id='word_1_49' title='bbox 1746 969 1823 1031; x_wconf 79' lang='grc' dir='ltr'><strong><em>ἵν’</em></strong></span> <span class='ocrx_word' id='word_1_50' title='bbox 1871 969 2127 1032; x_wconf 78' lang='grc' dir='ltr'><strong><em>ἀνταίαν</em></strong></span> <span class='ocrx_word' id='word_1_51' title='bbox 2173 969 2397 1052; x_wconf 78' lang='grc' dir='ltr'><strong><em>ἔρείσω</em></strong></span> <span class='ocrx_word' id='word_1_52' title='bbox 2443 968 2707 1050; x_wconf 83' lang='grc' dir='ltr'><strong><em>πλαγάν.</em></strong></span> 
     </span>
    </p>

    <p class='ocr_par' dir='ltr' id='par_1_4' title="bbox 352 1056 2812 1232">
     <span class='ocr_line' id='line_1_7' title="bbox 534 1056 2812 1142; baseline 0.001 -20"><span class='ocrx_word' id='word_1_53' title='bbox 534 1061 680 1123; x_wconf 86' lang='grc'><strong>933.</strong></span> <span class='ocrx_word' id='word_1_54' title='bbox 726 1057 835 1123; x_wconf 88' lang='grc' dir='ltr'><strong><em>τὸν</em></strong></span> <span class='ocrx_word' id='word_1_55' title='bbox 888 1059 1029 1141; x_wconf 92' lang='grc' dir='ltr'><strong><em>βίον</em></strong></span> <span class='ocrx_word' id='word_1_56' title='bbox 1080 1082 1164 1141; x_wconf 92' lang='grc' dir='ltr'><strong><em>με</em></strong></span> <span class='ocrx_word' id='word_1_57' title='bbox 1215 1058 1309 1142; x_wconf 84' lang='grc' dir='ltr'><strong><em>μὴ</em></strong></span> <span class='ocrx_word' id='word_1_58' title='bbox 1368 1057 1604 1142; x_wconf 81' lang='grc' dir='ltr'><strong><em>ἀφέλῃ]</em></strong></span> <span class='ocrx_word' id='word_1_59' title='bbox 1663 1056 1753 1122; x_wconf 85' lang='lat' dir='ltr'><strong><em>Cf.</em></strong></span> <span class='ocrx_word' id='word_1_60' title='bbox 1810 1059 2002 1122; x_wconf 84' lang='lat' dir='ltr'><strong>Arist.</strong></span> <span class='ocrx_word' id='word_1_61' title='bbox 2050 1057 2217 1123; x_wconf 76' lang='lat' dir='ltr'>Eccl.</span> <span class='ocrx_word' id='word_1_62' title='bbox 2268 1058 2414 1121; x_wconf 84' lang='lat'><strong>563.</strong></span> <span class='ocrx_word' id='word_1_63' title='bbox 2487 1057 2812 1141; x_wconf 84' lang='grc' dir='ltr'><strong><em>μηδαμῶς</em></strong></span> 
     </span>
     <span class='ocr_line' id='line_1_8' title="bbox 352 1147 2413 1232; baseline -0.001 -20"><span class='ocrx_word' id='word_1_64' title='bbox 352 1148 516 1232; x_wconf 85' lang='grc' dir='ltr'><strong><em>πρὸς</em></strong></span> <span class='ocrx_word' id='word_1_65' title='bbox 559 1153 689 1212; x_wconf 85' lang='grc' dir='ltr'><strong><em>τῶν</em></strong></span> <span class='ocrx_word' id='word_1_66' title='bbox 735 1148 913 1212; x_wconf 83' lang='grc' dir='ltr'><strong><em>θεῶν</em></strong></span> <span class='ocrx_word' id='word_1_67' title='bbox 953 1147 961 1230; x_wconf 93' lang='grc' dir='ltr'>Ι</span> <span class='ocrx_word' id='word_1_68' title='bbox 1001 1147 1167 1212; x_wconf 81' lang='grc' dir='ltr'><strong><em>τουτὶ</em></strong></span> <span class='ocrx_word' id='word_1_69' title='bbox 1211 1149 1481 1231; x_wconf 84' lang='grc' dir='ltr'>ποιήσῃς</span> <span class='ocrx_word' id='word_1_70' title='bbox 1522 1148 1678 1231; x_wconf 86' lang='grc' dir='ltr'><strong><em>μηδ’</em></strong></span> <span class='ocrx_word' id='word_1_71' title='bbox 1725 1147 1930 1231; x_wconf 83' lang='grc' dir='ltr'><strong><em>ἀφέλῃ</em></strong></span> <span class='ocrx_word' id='word_1_72' title='bbox 1977 1171 2060 1230; x_wconf 86' lang='grc' dir='ltr'><strong><em>με</em></strong></span> <span class='ocrx_word' id='word_1_73' title='bbox 2104 1147 2212 1211; x_wconf 85' lang='grc' dir='ltr'><strong><em>τὸν</em></strong></span> <span class='ocrx_word' id='word_1_74' title='bbox 2255 1148 2413 1231; x_wconf 85' lang='grc' dir='ltr'><strong><em>βίον.</em></strong></span> 
     </span>
    </p>
   </div>
   <div class='ocr_carea' id='block_1_3' title="bbox 535 1238 2938 1339">
    <p class='ocr_par' dir='ltr' id='par_1_5' title="bbox 535 1238 2938 1339">
     <span class='ocr_line' id='line_1_9' title="bbox 535 1238 2938 1339; baseline 0 -20"><span class='ocrx_word' id='word_1_75' title='bbox 535 1256 680 1319; x_wconf 80' lang='grc'><strong>936.</strong></span> <span class='ocrx_word' id='word_1_76' title='bbox 726 1253 1108 1339; x_wconf 68' lang='grc' dir='ltr'><strong><em>προβλῆτες]</em></strong></span> <span class='ocrx_word' id='word_1_77' title='bbox 1158 1254 1712 1319; x_wconf 84' lang='lat' dir='ltr'><strong><em>Promontoria.</em></strong></span> <span class='ocrx_word' id='word_1_78' title='bbox 1791 1255 1881 1319; x_wconf 87' lang='lat' dir='ltr'><strong><em>cf.</em></strong></span> <span class='ocrx_word' id='word_1_79' title='bbox 1928 1253 2113 1320; x_wconf 87' lang='lat' dir='ltr'><strong><em>Hom.</em></strong></span> <span class='ocrx_word' id='word_1_80' title='bbox 2161 1253 2234 1318; x_wconf 88' lang='lat'><strong><em>11.</em></strong></span> <span class='ocrx_word' id='word_1_81' title='bbox 2286 1255 2385 1336; x_wconf 84' lang='lat'><strong><em>16,</em></strong></span> <span class='ocrx_word' id='word_1_82' title='bbox 2420 1256 2565 1318; x_wconf 80' lang='lat'>407.</span> <span class='ocrx_word' id='word_1_83' title='bbox 2613 1255 2808 1336; x_wconf 66' lang='grc' dir='ltr'><strong><em>πέτρῃ</em></strong></span> <span class='ocrx_word' id='word_1_84' title='bbox 2934 1238 2938 1242; x_wconf 67' lang='lat'>‘</span> 
     </span>
    </p>
   </div>
   <div class='ocr_carea' id='block_1_4' title="bbox 354 1343 2812 1517">
    <p class='ocr_par' dir='ltr' id='par_1_6' title="bbox 354 1343 2812 1517">
     <span class='ocr_line' id='line_1_10' title="bbox 354 1343 2812 1428; baseline -0 -20"><span class='ocrx_word' id='word_1_85' title='bbox 354 1346 455 1409; x_wconf 73' lang='grc' dir='ltr'><strong><em>ἐπὶ</em></strong></span> <span class='ocrx_word' id='word_1_86' title='bbox 498 1345 804 1428; x_wconf 79' lang='grc' dir='ltr'><em>προβλῆτι</em></span> <span class='ocrx_word' id='word_1_87' title='bbox 848 1345 1235 1428; x_wconf 85' lang='grc' dir='ltr'><strong><em>καθήμενος.</em></strong></span> <span class='ocrx_word' id='word_1_88' title='bbox 1285 1347 1343 1427; x_wconf 91' lang='grc'><strong><em>2,</em></strong></span> <span class='ocrx_word' id='word_1_89' title='bbox 1395 1345 1540 1408; x_wconf 88' lang='grc'><strong>396.</strong></span> <span class='ocrx_word' id='word_1_90' title='bbox 1589 1343 1703 1409; x_wconf 86' lang='lat' dir='ltr'><strong><em>Od.</em></strong></span> <span class='ocrx_word' id='word_1_91' title='bbox 1755 1346 1813 1426; x_wconf 82' lang='lat'><strong><em>5,</em></strong></span> <span class='ocrx_word' id='word_1_92' title='bbox 1861 1344 2007 1409; x_wconf 88' lang='lat'>405.</span> <span class='ocrx_word' id='word_1_93' title='bbox 2055 1343 2187 1406; x_wconf 84' lang='grc' dir='ltr'><em>ἀλλ’</em></span> <span class='ocrx_word' id='word_1_94' title='bbox 2235 1343 2416 1408; x_wconf 81' lang='grc' dir='ltr'><strong><em>ἀκταὶ</em></strong></span> <span class='ocrx_word' id='word_1_95' title='bbox 2460 1343 2812 1427; x_wconf 81' lang='grc' dir='ltr'><em>προβλῆτες</em></span> 
     </span>
     <span class='ocr_line' id='line_1_11' title="bbox 354 1430 2467 1517; baseline -0.002 -19"><span class='ocrx_word' id='word_1_96' title='bbox 354 1436 504 1498; x_wconf 83' lang='grc' dir='ltr'><strong><em>ἔσαν</em></strong></span> <span class='ocrx_word' id='word_1_97' title='bbox 549 1434 842 1505; x_wconf 78' lang='grc' dir='ltr'><em>σπιλάδες</em></span> <span class='ocrx_word' id='word_1_98' title='bbox 885 1458 950 1498; x_wconf 90' lang='grc' dir='ltr'><strong><em>τε</em></strong></span> <span class='ocrx_word' id='word_1_99' title='bbox 995 1435 1189 1517; x_wconf 83' lang='grc' dir='ltr'>πάγοι</span> <span class='ocrx_word' id='word_1_100' title='bbox 1231 1458 1311 1497; x_wconf 88' lang='grc' dir='ltr'><strong><em>τε.</em></strong></span> <span class='ocrx_word' id='word_1_101' title='bbox 1365 1435 1463 1516; x_wconf 86' lang='grc'><strong><em>10,</em></strong></span> <span class='ocrx_word' id='word_1_102' title='bbox 1510 1434 1611 1497; x_wconf 88' lang='grc'><strong><em>89.</em></strong></span> <span class='ocrx_word' id='word_1_103' title='bbox 1665 1434 1766 1515; x_wconf 87' lang='grc'><strong>13,</strong></span> <span class='ocrx_word' id='word_1_104' title='bbox 1814 1435 1916 1497; x_wconf 91' lang='grc'><strong><em>97.</em></strong></span> <span class='ocrx_word' id='word_1_105' title='bbox 1963 1432 2204 1516; x_wconf 84' lang='lat' dir='ltr'><strong>Hymn.</strong></span> <span class='ocrx_word' id='word_1_106' title='bbox 2251 1430 2361 1497; x_wconf 91' lang='lat' dir='ltr'><strong><em>VI.</em></strong></span> <span class='ocrx_word' id='word_1_107' title='bbox 2412 1434 2467 1496; x_wconf 87' lang='lat'><strong><em>3.</em></strong></span> 
     </span>
    </p>
   </div>
   <div class='ocr_carea' id='block_1_5' title="bbox 355 1520 2809 1697">
    <p class='ocr_par' dir='ltr' id='par_1_7' title="bbox 355 1520 2809 1697">
     <span class='ocr_line' id='line_1_12' title="bbox 536 1520 2809 1611; baseline -0.002 -24"><span class='ocrx_word' id='word_1_108' title='bbox 536 1524 680 1588; x_wconf 84' lang='lat'><strong>937.</strong></span> <span class='ocrx_word' id='word_1_109' title='bbox 711 1525 943 1607; x_wconf 91' lang='grc' dir='ltr'><strong><em>θηρῶν</em></strong></span> <span class='ocrx_word' id='word_1_110' title='bbox 975 1520 1227 1611; x_wconf 81' lang='grc' dir='ltr'>ὀρείων]</span> <span class='ocrx_word' id='word_1_111' title='bbox 1273 1523 1464 1607; x_wconf 85' lang='lat' dir='ltr'>Apud</span> <span class='ocrx_word' id='word_1_112' title='bbox 1495 1523 1847 1588; x_wconf 82' lang='lat' dir='ltr'>Homerum</span> <span class='ocrx_word' id='word_1_113' title='bbox 1880 1523 2080 1605; x_wconf 87' lang='grc' dir='ltr'><strong><em>θῆρες</em></strong></span> <span class='ocrx_word' id='word_1_114' title='bbox 2111 1522 2442 1604; x_wconf 80' lang='grc' dir='ltr'><strong>ὀρεσκῷοι.</strong></span> <span class='ocrx_word' id='word_1_115' title='bbox 2574 1545 2809 1604; x_wconf 88' lang='grc' dir='ltr'><strong><em>καταρ-</em></strong></span> 
     </span>
     <span class='ocr_line' id='line_1_13' title="bbox 355 1612 1385 1697; baseline -0.005 -17"><span class='ocrx_word' id='word_1_116' title='bbox 355 1612 583 1697; x_wconf 84' lang='grc' dir='ltr'><strong><em>ρῶγες]</em></strong></span> <span class='ocrx_word' id='word_1_117' title='bbox 633 1613 724 1677; x_wconf 86' lang='lat' dir='ltr'><strong><em>Cf.</em></strong></span> <span class='ocrx_word' id='word_1_118' title='bbox 771 1613 996 1696; x_wconf 78' lang='grc' dir='ltr'><strong><em>ἀρρώξ</em></strong></span> <span class='ocrx_word' id='word_1_119' title='bbox 1041 1615 1189 1677; x_wconf 83' lang='lat' dir='ltr'><strong>Ant.</strong></span> <span class='ocrx_word' id='word_1_120' title='bbox 1239 1614 1385 1676; x_wconf 84' lang='lat'><strong><em>251.</em></strong></span> 
     </span>
    </p>
   </div>
   <div class='ocr_carea' id='block_1_6' title="bbox 357 1718 2813 1982">
    <p class='ocr_par' dir='ltr' id='par_1_8' title="bbox 357 1718 2813 1982">
     <span class='ocr_line' id='line_1_14' title="bbox 536 1718 2271 1804; baseline -0.002 -21"><span class='ocrx_word' id='word_1_121' title='bbox 536 1721 682 1783; x_wconf 83' lang='lat'>938.</span> <span class='ocrx_word' id='word_1_122' title='bbox 731 1720 860 1802; x_wconf 84' lang='grc' dir='ltr'><strong><em>ὅτῳ</em></strong></span> <span class='ocrx_word' id='word_1_123' title='bbox 906 1719 1095 1804; x_wconf 86' lang='grc' dir='ltr'><strong><em>λέγω]</em></strong></span> <span class='ocrx_word' id='word_1_124' title='bbox 1145 1718 1234 1784; x_wconf 86' lang='lat' dir='ltr'><strong><em>Cf.</em></strong></span> <span class='ocrx_word' id='word_1_125' title='bbox 1281 1722 1474 1784; x_wconf 86' lang='lat' dir='ltr'><strong>Arist.</strong></span> <span class='ocrx_word' id='word_1_126' title='bbox 1524 1720 1666 1785; x_wconf 80' lang='lat' dir='ltr'>Pac.</span> <span class='ocrx_word' id='word_1_127' title='bbox 1718 1721 1865 1783; x_wconf 85' lang='grc'><strong>522.</strong></span> <span class='ocrx_word' id='word_1_128' title='bbox 1914 1718 2029 1802; x_wconf 89' lang='lat' dir='ltr'><strong><em>Eq.</em></strong></span> <span class='ocrx_word' id='word_1_129' title='bbox 2082 1719 2271 1783; x_wconf 87' lang='grc'><strong>1320.</strong></span> 
     </span>
     <span class='ocr_line' id='line_1_15' title="bbox 538 1806 2813 1893; baseline -0 -20"><span class='ocrx_word' id='word_1_130' title='bbox 538 1810 682 1873; x_wconf 90' lang='grc'><strong>939.</strong></span> <span class='ocrx_word' id='word_1_131' title='bbox 728 1815 856 1880; x_wconf 86' lang='grc' dir='ltr'><strong><em>τοῖς</em></strong></span> <span class='ocrx_word' id='word_1_132' title='bbox 920 1808 1252 1893; x_wconf 77' lang='grc' dir='ltr'><strong><em>εἰωθόσιν]</em></strong></span> <span class='ocrx_word' id='word_1_133' title='bbox 1319 1808 1414 1874; x_wconf 85' lang='lat' dir='ltr'><strong><em>So.</em></strong></span> <span class='ocrx_word' id='word_1_134' title='bbox 1469 1815 1775 1892; x_wconf 82' lang='grc' dir='ltr'><strong><em>παρεῖναι.</em></strong></span> <span class='ocrx_word' id='word_1_135' title='bbox 1854 1808 1946 1872; x_wconf 83' lang='lat' dir='ltr'><strong><em>Cf.</em></strong></span> <span class='ocrx_word' id='word_1_136' title='bbox 1996 1808 2144 1872; x_wconf 87' lang='lat' dir='ltr'><strong>Eur.</strong></span> <span class='ocrx_word' id='word_1_137' title='bbox 2192 1806 2348 1872; x_wconf 79' lang='lat' dir='ltr'>Hec.</span> <span class='ocrx_word' id='word_1_138' title='bbox 2400 1807 2544 1871; x_wconf 84' lang='lat'>358.</span> <span class='ocrx_word' id='word_1_139' title='bbox 2593 1808 2813 1872; x_wconf 88' lang='grc' dir='ltr'><strong><em>θανεῖν</em></strong></span> 
     </span>
     <span class='ocr_line' id='line_1_16' title="bbox 357 1897 1402 1982; baseline -0.002 -19"><span class='ocrx_word' id='word_1_140' title='bbox 357 1900 509 1980; x_wconf 78' lang='grc' dir='ltr'><strong><em>ἐρᾶν</em></strong></span> <span class='ocrx_word' id='word_1_141' title='bbox 553 1899 813 1982; x_wconf 81' lang='grc' dir='ltr'><strong><em>τίθησιν,</em></strong></span> <span class='ocrx_word' id='word_1_142' title='bbox 861 1899 983 1962; x_wconf 84' lang='grc' dir='ltr'><strong><em>οὐκ</em></strong></span> <span class='ocrx_word' id='word_1_143' title='bbox 1031 1897 1265 1969; x_wconf 80' lang='grc' dir='ltr'><strong><em>εἰωθὸς</em></strong></span> <span class='ocrx_word' id='word_1_144' title='bbox 1312 1899 1402 1961; x_wconf 85' lang='grc' dir='ltr'><strong><em>ὄν.</em></strong></span> 
     </span>
    </p>
   </div>
   <div class='ocr_carea' id='block_1_7' title="bbox 354 2002 2813 3250">
    <p class='ocr_par' dir='ltr' id='par_1_9' title="bbox 354 2002 2813 3250">
     <span class='ocr_line' id='line_1_17' title="bbox 538 2002 2813 2091; baseline -0 -22"><span class='ocrx_word' id='word_1_145' title='bbox 538 2006 683 2069; x_wconf 88' lang='grc'><strong>946.</strong></span> <span class='ocrx_word' id='word_1_146' title='bbox 729 2011 981 2069; x_wconf 81' lang='grc' dir='ltr'><strong><em>καπνοῦ</em></strong></span> <span class='ocrx_word' id='word_1_147' title='bbox 1029 2002 1232 2091; x_wconf 83' lang='grc' dir='ltr'><strong><em>σκιὰν]</em></strong></span> <span class='ocrx_word' id='word_1_148' title='bbox 1290 2004 1379 2069; x_wconf 86' lang='lat' dir='ltr'><strong><em>Cf.</em></strong></span> <span class='ocrx_word' id='word_1_149' title='bbox 1427 2005 1577 2069; x_wconf 86' lang='lat' dir='ltr'><strong>Ant.</strong></span> <span class='ocrx_word' id='word_1_150' title='bbox 1630 2005 1819 2069; x_wconf 91' lang='grc'><strong>1170.</strong></span> <span class='ocrx_word' id='word_1_151' title='bbox 1876 2005 2068 2069; x_wconf 85' lang='lat' dir='ltr'><strong>Arist.</strong></span> <span class='ocrx_word' id='word_1_152' title='bbox 2116 2002 2282 2068; x_wconf 87' lang='lat' dir='ltr'>Nub.</span> <span class='ocrx_word' id='word_1_153' title='bbox 2332 2005 2477 2067; x_wconf 91' lang='grc'><strong>253.</strong></span> <span class='ocrx_word' id='word_1_154' title='bbox 2525 2003 2813 2075; x_wconf 84' lang='grc' dir='ltr'><strong><em>καπνοὺς</em></strong></span> 
     </span>
     <span class='ocr_line' id='line_1_18' title="bbox 357 2093 2810 2177; baseline 0 -20"><span class='ocrx_word' id='word_1_155' title='bbox 357 2095 693 2177; x_wconf 83' lang='grc' dir='ltr'><strong><em>ἀποφαίνει</em></strong></span> <span class='ocrx_word' id='word_1_156' title='bbox 739 2094 847 2158; x_wconf 81' lang='grc' dir='ltr'><strong><em>καὶ</em></strong></span> <span class='ocrx_word' id='word_1_157' title='bbox 892 2096 1091 2158; x_wconf 82' lang='grc' dir='ltr'><strong><em>σκιάν.</em></strong></span> <span class='ocrx_word' id='word_1_158' title='bbox 1143 2095 1288 2158; x_wconf 88' lang='grc'><strong>330.</strong></span> <span class='ocrx_word' id='word_1_159' title='bbox 1335 2095 1434 2177; x_wconf 84' lang='lat' dir='ltr'><strong><em>Aj.</em></strong></span> <span class='ocrx_word' id='word_1_160' title='bbox 1474 2096 1615 2158; x_wconf 89' lang='lat'>125.</span> <span class='ocrx_word' id='word_1_161' title='bbox 1664 2094 1804 2177; x_wconf 88' lang='grc' dir='ltr'><strong><em>δρῶ</em></strong></span> <span class='ocrx_word' id='word_1_162' title='bbox 1851 2093 1973 2177; x_wconf 84' lang='grc' dir='ltr'><strong><em>γὰρ</em></strong></span> <span class='ocrx_word' id='word_1_163' title='bbox 2020 2094 2190 2176; x_wconf 83' lang='grc' dir='ltr'><strong><em>ἡμᾶς</em></strong></span> <span class='ocrx_word' id='word_1_164' title='bbox 2222 2093 2411 2158; x_wconf 82' lang='grc' dir='ltr'><strong><em>οὐδὲν</em></strong></span> <span class='ocrx_word' id='word_1_165' title='bbox 2443 2095 2627 2164; x_wconf 86' lang='grc' dir='ltr'><strong><em>ὄντας</em></strong></span> <span class='ocrx_word' id='word_1_166' title='bbox 2657 2093 2810 2157; x_wconf 80' lang='grc' dir='ltr'><strong><em>ἄλλο</em></strong></span> 
     </span>
     <span class='ocr_line' id='line_1_19' title="bbox 356 2182 2810 2267; baseline -0.001 -21"><span class='ocrx_word' id='word_1_167' title='bbox 356 2184 521 2266; x_wconf 89' lang='grc' dir='ltr'><strong><em>πλὴν</em></strong></span> <span class='ocrx_word' id='word_1_168' title='bbox 561 2183 570 2266; x_wconf 91' lang='grc' dir='ltr'>Ι</span> <span class='ocrx_word' id='word_1_169' title='bbox 611 2184 820 2248; x_wconf 83' lang='grc' dir='ltr'><strong><em>εἴδωλ’</em></strong></span> <span class='ocrx_word' id='word_1_170' title='bbox 861 2184 1121 2265; x_wconf 87' lang='grc' dir='ltr'><strong><em>ὅσοιπερ</em></strong></span> <span class='ocrx_word' id='word_1_171' title='bbox 1169 2185 1382 2266; x_wconf 84' lang='grc' dir='ltr'><strong><em>ζῶμεν</em></strong></span> <span class='ocrx_word' id='word_1_172' title='bbox 1423 2186 1462 2267; x_wconf 81' lang='grc' dir='ltr'><em>ἢ</em></span> <span class='ocrx_word' id='word_1_173' title='bbox 1495 2184 1753 2267; x_wconf 87' lang='grc' dir='ltr'><strong><em>κουφὴν</em></strong></span> <span class='ocrx_word' id='word_1_174' title='bbox 1784 2184 1980 2247; x_wconf 86' lang='grc' dir='ltr'><strong><em>σκιάν.</em></strong></span> <span class='ocrx_word' id='word_1_175' title='bbox 2030 2183 2188 2248; x_wconf 77' lang='lat' dir='ltr'><strong><em>QG.</em></strong></span> <span class='ocrx_word' id='word_1_176' title='bbox 2229 2184 2414 2246; x_wconf 83' lang='lat'>1211.</span> <span class='ocrx_word' id='word_1_177' title='bbox 2464 2182 2561 2247; x_wconf 80' lang='lat' dir='ltr'><strong><em>Fr.</em></strong></span> <span class='ocrx_word' id='word_1_178' title='bbox 2585 2184 2730 2265; x_wconf 84' lang='lat'>598,</span> <span class='ocrx_word' id='word_1_179' title='bbox 2753 2185 2810 2246; x_wconf 87' lang='lat'><strong><em>6.</em></strong></span> 
     </span>
     <span class='ocr_line' id='line_1_20' title="bbox 356 2271 2809 2356; baseline -0.001 -19"><span class='ocrx_word' id='word_1_180' title='bbox 356 2278 536 2343; x_wconf 82' lang='grc' dir='ltr'><strong><em>σκιᾶς</em></strong></span> <span class='ocrx_word' id='word_1_181' title='bbox 567 2273 850 2337; x_wconf 85' lang='grc' dir='ltr'><strong><em>εἴδωλον.</em></strong></span> <span class='ocrx_word' id='word_1_182' title='bbox 881 2273 980 2338; x_wconf 78' lang='lat' dir='ltr'><strong><em>Fr.</em></strong></span> <span class='ocrx_word' id='word_1_183' title='bbox 1013 2274 1160 2355; x_wconf 87' lang='lat'>859,</span> <span class='ocrx_word' id='word_1_184' title='bbox 1180 2275 1237 2336; x_wconf 95' lang='lat'><strong><em>2.</em></strong></span> <span class='ocrx_word' id='word_1_185' title='bbox 1270 2274 1364 2344; x_wconf 83' lang='grc' dir='ltr'><strong><em>ὡς</em></strong></span> <span class='ocrx_word' id='word_1_186' title='bbox 1395 2273 1585 2337; x_wconf 84' lang='grc' dir='ltr'><strong><em>οὐδέν</em></strong></span> <span class='ocrx_word' id='word_1_187' title='bbox 1615 2276 1808 2355; x_wconf 76' lang='grc' dir='ltr'><strong><em>ἐσμεν</em></strong></span> <span class='ocrx_word' id='word_1_188' title='bbox 1837 2273 2002 2356; x_wconf 86' lang='grc' dir='ltr'><strong><em>πλὴν</em></strong></span> <span class='ocrx_word' id='word_1_189' title='bbox 2032 2278 2234 2342; x_wconf 84' lang='grc' dir='ltr'><strong><em>σκιαῖς</em></strong></span> <span class='ocrx_word' id='word_1_190' title='bbox 2264 2272 2552 2343; x_wconf 78' lang='grc' dir='ltr'><strong><em>ἐοικότες.</em></strong></span> <span class='ocrx_word' id='word_1_191' title='bbox 2584 2271 2683 2336; x_wconf 87' lang='lat' dir='ltr'><strong><em>Fr.</em></strong></span> <span class='ocrx_word' id='word_1_192' title='bbox 2710 2273 2809 2335; x_wconf 90' lang='grc'><strong><em>12.</em></strong></span> 
     </span>
     <span class='ocr_line' id='line_1_21' title="bbox 354 2360 2811 2445; baseline 0 -20"><span class='ocrx_word' id='word_1_193' title='bbox 354 2362 708 2445; x_wconf 81' lang='grc' dir='ltr'><strong><em>ἅνθρωπός</em></strong></span> <span class='ocrx_word' id='word_1_194' title='bbox 754 2363 876 2426; x_wconf 80' lang='grc' dir='ltr'><strong><em>ἔστι</em></strong></span> <span class='ocrx_word' id='word_1_195' title='bbox 921 2368 1171 2444; x_wconf 87' lang='grc' dir='ltr'><strong><em>πνεῦμα</em></strong></span> <span class='ocrx_word' id='word_1_196' title='bbox 1219 2363 1327 2426; x_wconf 74' lang='grc' dir='ltr'><strong><em>καὶ</em></strong></span> <span class='ocrx_word' id='word_1_197' title='bbox 1373 2362 1517 2427; x_wconf 82' lang='grc' dir='ltr'><strong><em>σκιὰ</em></strong></span> <span class='ocrx_word' id='word_1_198' title='bbox 1563 2362 1784 2445; x_wconf 87' lang='grc' dir='ltr'><strong><em>μόνον.</em></strong></span> <span class='ocrx_word' id='word_1_199' title='bbox 1842 2360 2066 2426; x_wconf 80' lang='lat' dir='ltr'><strong>Aesoh.</strong></span> <span class='ocrx_word' id='word_1_200' title='bbox 2116 2360 2212 2425; x_wconf 79' lang='lat' dir='ltr'><strong><em>Fr.</em></strong></span> <span class='ocrx_word' id='word_1_201' title='bbox 2262 2362 2410 2443; x_wconf 83' lang='lat'>399,</span> <span class='ocrx_word' id='word_1_202' title='bbox 2458 2364 2514 2424; x_wconf 85' lang='lat'><strong><em>2.</em></strong></span> <span class='ocrx_word' id='word_1_203' title='bbox 2561 2367 2811 2426; x_wconf 87' lang='grc' dir='ltr'><strong><em>καπνοῦ</em></strong></span> 
     </span>
     <span class='ocr_line' id='line_1_22' title="bbox 356 2450 2810 2536; baseline -0.001 -21"><span class='ocrx_word' id='word_1_204' title='bbox 356 2453 518 2515; x_wconf 85' lang='grc' dir='ltr'><strong><em>σκιά.</em></strong></span> <span class='ocrx_word' id='word_1_205' title='bbox 584 2454 703 2536; x_wconf 86' lang='lat' dir='ltr'><strong><em>Ag.</em></strong></span> <span class='ocrx_word' id='word_1_206' title='bbox 763 2452 909 2516; x_wconf 82' lang='grc'><strong>839.</strong></span> <span class='ocrx_word' id='word_1_207' title='bbox 975 2451 1243 2516; x_wconf 83' lang='grc' dir='ltr'><strong><em>εἴδωλον</em></strong></span> <span class='ocrx_word' id='word_1_208' title='bbox 1306 2457 1503 2523; x_wconf 82' lang='grc' dir='ltr'><strong><em>σκιᾶς.</em></strong></span> <span class='ocrx_word' id='word_1_209' title='bbox 1569 2450 1759 2536; x_wconf 88' lang='lat' dir='ltr'><strong>Soph.</strong></span> <span class='ocrx_word' id='word_1_210' title='bbox 1815 2450 1914 2515; x_wconf 85' lang='lat' dir='ltr'><strong><em>Fr.</em></strong></span> <span class='ocrx_word' id='word_1_211' title='bbox 1964 2452 2109 2515; x_wconf 93' lang='grc'><strong>308.</strong></span> <span class='ocrx_word' id='word_1_212' title='bbox 2183 2450 2364 2514; x_wconf 87' lang='grc' dir='ltr'><strong><em>πάντ’</em></strong></span> <span class='ocrx_word' id='word_1_213' title='bbox 2428 2451 2583 2514; x_wconf 86' lang='grc' dir='ltr'><strong><em>ὄνου</em></strong></span> <span class='ocrx_word' id='word_1_214' title='bbox 2649 2451 2810 2515; x_wconf 87' lang='grc' dir='ltr'><strong><em>σκιά.</em></strong></span> 
     </span>
     <span class='ocr_line' id='line_1_23' title="bbox 357 2539 2810 2623; baseline -0.002 -17"><span class='ocrx_word' id='word_1_215' title='bbox 357 2541 680 2607; x_wconf 79' lang='lat' dir='ltr'><strong><em>Chaerem.</em></strong></span> <span class='ocrx_word' id='word_1_216' title='bbox 730 2540 825 2605; x_wconf 86' lang='lat' dir='ltr'><strong><em>Fr.</em></strong></span> <span class='ocrx_word' id='word_1_217' title='bbox 879 2543 978 2623; x_wconf 88' lang='lat'><strong><em>14,</em></strong></span> <span class='ocrx_word' id='word_1_218' title='bbox 1032 2542 1131 2604; x_wconf 89' lang='grc'><strong><em>15.</em></strong></span> <span class='ocrx_word' id='word_1_219' title='bbox 1178 2547 1359 2612; x_wconf 87' lang='grc' dir='ltr'><strong><em>σκιᾶς</em></strong></span> <span class='ocrx_word' id='word_1_220' title='bbox 1404 2541 1688 2606; x_wconf 83' lang='grc' dir='ltr'><strong><em>εἴδωλον.</em></strong></span> <span class='ocrx_word' id='word_1_221' title='bbox 1735 2539 1884 2604; x_wconf 86' lang='lat' dir='ltr'><strong>Eur.</strong></span> <span class='ocrx_word' id='word_1_222' title='bbox 1931 2539 2031 2605; x_wconf 82' lang='lat' dir='ltr'><strong><em>Fr.</em></strong></span> <span class='ocrx_word' id='word_1_223' title='bbox 2083 2541 2229 2623; x_wconf 88' lang='grc'><strong>532,</strong></span> <span class='ocrx_word' id='word_1_224' title='bbox 2265 2542 2321 2603; x_wconf 92' lang='grc'><strong>2.</strong></span> <span class='ocrx_word' id='word_1_225' title='bbox 2371 2546 2452 2623; x_wconf 89' lang='grc' dir='ltr'><strong><em>γῆ</em></strong></span> <span class='ocrx_word' id='word_1_226' title='bbox 2496 2540 2603 2604; x_wconf 73' lang='grc' dir='ltr'><strong><em>καὶ</em></strong></span> <span class='ocrx_word' id='word_1_227' title='bbox 2650 2541 2810 2603; x_wconf 87' lang='grc' dir='ltr'><strong><em>σκιά.</em></strong></span> 
     </span>
     <span class='ocr_line' id='line_1_24' title="bbox 357 2628 2813 2716; baseline -0.002 -18"><span class='ocrx_word' id='word_1_228' title='bbox 357 2630 507 2698; x_wconf 86' lang='lat' dir='ltr'><strong>Eur.</strong></span> <span class='ocrx_word' id='word_1_229' title='bbox 554 2630 652 2696; x_wconf 86' lang='lat' dir='ltr'><strong><em>Fr.</em></strong></span> <span class='ocrx_word' id='word_1_230' title='bbox 703 2631 848 2695; x_wconf 89' lang='grc'><strong>509.</strong></span> <span class='ocrx_word' id='word_1_231' title='bbox 895 2630 1084 2716; x_wconf 88' lang='grc' dir='ltr'><strong><em>φωνὴ</em></strong></span> <span class='ocrx_word' id='word_1_232' title='bbox 1132 2631 1239 2696; x_wconf 81' lang='grc' dir='ltr'><strong><em>καὶ</em></strong></span> <span class='ocrx_word' id='word_1_233' title='bbox 1285 2632 1445 2697; x_wconf 88' lang='grc' dir='ltr'><strong><em>σκιά.</em></strong></span> <span class='ocrx_word' id='word_1_234' title='bbox 1512 2630 1697 2696; x_wconf 87' lang='lat' dir='ltr'>Pind.</span> <span class='ocrx_word' id='word_1_235' title='bbox 1747 2629 1815 2695; x_wconf 91' lang='lat' dir='ltr'><strong><em>P.</em></strong></span> <span class='ocrx_word' id='word_1_236' title='bbox 1857 2629 2033 2695; x_wconf 79' lang='lat' dir='ltr'>VIII.</span> <span class='ocrx_word' id='word_1_237' title='bbox 2084 2631 2184 2694; x_wconf 89' lang='grc'><strong>95.</strong></span> <span class='ocrx_word' id='word_1_238' title='bbox 2249 2630 2308 2694; x_wconf 92' lang='grc' dir='ltr'><strong><em>τί</em></strong></span> <span class='ocrx_word' id='word_1_239' title='bbox 2358 2630 2430 2694; x_wconf 85' lang='grc' dir='ltr'><strong><em>δέ</em></strong></span> <span class='ocrx_word' id='word_1_240' title='bbox 2479 2655 2599 2707; x_wconf 82' lang='grc' dir='ltr'><strong><em>τις,·</em></strong></span> <span class='ocrx_word' id='word_1_241' title='bbox 2652 2630 2712 2693; x_wconf 91' lang='grc' dir='ltr'><strong><em>τί</em></strong></span> <span class='ocrx_word' id='word_1_242' title='bbox 2753 2628 2813 2694; x_wconf 83' lang='grc' dir='ltr'><strong><em>δ’</em></strong></span> 
     </span>
     <span class='ocr_line' id='line_1_25' title="bbox 358 2717 2813 2805; baseline -0.001 -21"><span class='ocrx_word' id='word_1_243' title='bbox 358 2722 435 2784; x_wconf 83' lang='grc' dir='ltr'><strong><em>οὔ</em></strong></span> <span class='ocrx_word' id='word_1_244' title='bbox 481 2744 602 2797; x_wconf 84' lang='grc' dir='ltr'><strong><em>τις,·</em></strong></span> <span class='ocrx_word' id='word_1_245' title='bbox 648 2726 828 2792; x_wconf 85' lang='grc' dir='ltr'><strong><em>σκιᾶς</em></strong></span> <span class='ocrx_word' id='word_1_246' title='bbox 873 2722 1034 2803; x_wconf 83' lang='grc' dir='ltr'><strong><em>ὄναρ</em></strong></span> <span class='ocrx_word' id='word_1_247' title='bbox 1080 2722 1449 2805; x_wconf 80' lang='grc' dir='ltr'><strong><em>ἄνθρωπος.</em></strong></span> <span class='ocrx_word' id='word_1_248' title='bbox 1506 2721 1669 2785; x_wconf 80' lang='lat' dir='ltr'><strong>Plut.</strong></span> <span class='ocrx_word' id='word_1_249' title='bbox 1718 2719 1876 2785; x_wconf 86' lang='lat' dir='ltr'><strong>Mor.</strong></span> <span class='ocrx_word' id='word_1_250' title='bbox 1923 2740 1980 2805; x_wconf 90' lang='lat' dir='ltr'><strong><em>p.</em></strong></span> <span class='ocrx_word' id='word_1_251' title='bbox 2014 2720 2143 2784; x_wconf 89' lang='grc'><strong>479</strong></span> <span class='ocrx_word' id='word_1_252' title='bbox 2170 2717 2233 2783; x_wconf 83' lang='lat' dir='ltr'><strong><em>C.</em></strong></span> <span class='ocrx_word' id='word_1_253' title='bbox 2281 2719 2449 2784; x_wconf 75' lang='grc' dir='ltr'><strong><em>σκιαὶ</em></strong></span> <span class='ocrx_word' id='word_1_254' title='bbox 2495 2720 2616 2802; x_wconf 88' lang='grc' dir='ltr'><strong><em>γάρ</em></strong></span> <span class='ocrx_word' id='word_1_255' title='bbox 2664 2720 2813 2784; x_wconf 84' lang='grc' dir='ltr'><strong><em>εἰσιν</em></strong></span> 
     </span>
     <span class='ocr_line' id='line_1_26' title="bbox 357 2809 2810 2893; baseline -0.001 -20"><span class='ocrx_word' id='word_1_256' title='bbox 357 2811 559 2881; x_wconf 86' lang='grc' dir='ltr'><strong><em>ὄντως</em></strong></span> <span class='ocrx_word' id='word_1_257' title='bbox 621 2811 688 2874; x_wconf 74' lang='grc' dir='ltr'><strong><em>αἱ</em></strong></span> <span class='ocrx_word' id='word_1_258' title='bbox 749 2810 973 2874; x_wconf 80' lang='grc' dir='ltr'><strong><em>πολλαὶ</em></strong></span> <span class='ocrx_word' id='word_1_259' title='bbox 1035 2811 1230 2893; x_wconf 89' lang='grc' dir='ltr'><strong><em>φιλίαι</em></strong></span> <span class='ocrx_word' id='word_1_260' title='bbox 1295 2848 1377 2857; x_wconf 92' lang='lat'><strong><em>——</em></strong></span> <span class='ocrx_word' id='word_1_261' title='bbox 1443 2811 1551 2874; x_wconf 74' lang='grc' dir='ltr'><strong><em>καὶ</em></strong></span> <span class='ocrx_word' id='word_1_262' title='bbox 1614 2810 1846 2874; x_wconf 85' lang='grc' dir='ltr'><strong><em>εἴδωλα</em></strong></span> <span class='ocrx_word' id='word_1_263' title='bbox 1910 2816 2022 2892; x_wconf 89' lang='grc' dir='ltr'><strong><em>τῆς</em></strong></span> <span class='ocrx_word' id='word_1_264' title='bbox 2083 2810 2343 2892; x_wconf 83' lang='grc' dir='ltr'><strong><em>πρώτης</em></strong></span> <span class='ocrx_word' id='word_1_265' title='bbox 2398 2809 2639 2892; x_wconf 77' lang='grc' dir='ltr'><strong><em>ἐκείνης</em></strong></span> <span class='ocrx_word' id='word_1_266' title='bbox 2685 2809 2810 2873; x_wconf 86' lang='grc' dir='ltr'><strong><em>κτλ.</em></strong></span> 
     </span>
     <span class='ocr_line' id='line_1_27' title="bbox 359 2898 2811 2983; baseline -0.001 -21"><span class='ocrx_word' id='word_1_267' title='bbox 359 2899 537 2963; x_wconf 81' lang='lat' dir='ltr'>Galb.</span> <span class='ocrx_word' id='word_1_268' title='bbox 587 2901 691 2979; x_wconf 90' lang='grc'><strong><em>22,</em></strong></span> <span class='ocrx_word' id='word_1_269' title='bbox 726 2902 782 2962; x_wconf 93' lang='grc'><strong>5.</strong></span> <span class='ocrx_word' id='word_1_270' title='bbox 830 2899 1020 2964; x_wconf 79' lang='grc' dir='ltr'><strong><em>οὐδὲν</em></strong></span> <span class='ocrx_word' id='word_1_271' title='bbox 1065 2900 1217 2964; x_wconf 86' lang='grc' dir='ltr'><strong><em>ἄλλο</em></strong></span> <span class='ocrx_word' id='word_1_272' title='bbox 1273 2902 1312 2983; x_wconf 81' lang='grc' dir='ltr'><em>ἢ</em></span> <span class='ocrx_word' id='word_1_273' title='bbox 1362 2899 1544 2964; x_wconf 89' lang='grc' dir='ltr'><strong><em>σκιὰν</em></strong></span> <span class='ocrx_word' id='word_1_274' title='bbox 1600 2901 1750 2964; x_wconf 85' lang='grc' dir='ltr'><strong><em>ὄντα</em></strong></span> <span class='ocrx_word' id='word_1_275' title='bbox 1797 2898 2017 2982; x_wconf 78' lang='grc' dir='ltr'><strong><em>Γάλβα</em></strong></span> <span class='ocrx_word' id='word_1_276' title='bbox 2082 2898 2190 2962; x_wconf 79' lang='grc' dir='ltr'><strong><em>καὶ</em></strong></span> <span class='ocrx_word' id='word_1_277' title='bbox 2245 2898 2528 2962; x_wconf 84' lang='grc' dir='ltr'><strong><em>εἴδωλον.</em></strong></span> <span class='ocrx_word' id='word_1_278' title='bbox 2596 2899 2811 2982; x_wconf 89' lang='lat' dir='ltr'><strong>Pomp.</strong></span> 
     </span>
     <span class='ocr_line' id='line_1_28' title="bbox 359 2986 2813 3071; baseline 0 -20"><span class='ocrx_word' id='word_1_279' title='bbox 359 2991 462 3068; x_wconf 89' lang='grc'><strong>31,</strong></span> <span class='ocrx_word' id='word_1_280' title='bbox 495 2989 553 3052; x_wconf 93' lang='grc'><strong><em>6.</em></strong></span> <span class='ocrx_word' id='word_1_281' title='bbox 601 2988 851 3070; x_wconf 78' lang='grc' dir='ltr'><em>εἰδώλῳ</em></span> <span class='ocrx_word' id='word_1_282' title='bbox 895 2989 1004 3051; x_wconf 84' lang='grc' dir='ltr'><strong><em>καὶ</em></strong></span> <span class='ocrx_word' id='word_1_283' title='bbox 1049 2996 1196 3071; x_wconf 83' lang='grc' dir='ltr'><strong><em>σκιᾷ</em></strong></span> <span class='ocrx_word' id='word_1_284' title='bbox 1239 2989 1542 3071; x_wconf 86' lang='grc' dir='ltr'><strong><em>πολέμου.</em></strong></span> <span class='ocrx_word' id='word_1_285' title='bbox 1589 2988 1846 3054; x_wconf 82' lang='lat' dir='ltr'>Heliod.</span> <span class='ocrx_word' id='word_1_286' title='bbox 1878 2987 1959 3052; x_wconf 95' lang='lat' dir='ltr'><strong><em>II.</em></strong></span> <span class='ocrx_word' id='word_1_287' title='bbox 1999 2988 2097 3051; x_wconf 93' lang='lat'><strong><em>11.</em></strong></span> <span class='ocrx_word' id='word_1_288' title='bbox 2130 2987 2360 3052; x_wconf 78' lang='grc' dir='ltr'><strong><em>εἴδωλά</em></strong></span> <span class='ocrx_word' id='word_1_289' title='bbox 2398 3011 2462 3051; x_wconf 90' lang='grc' dir='ltr'><strong><em>τε</em></strong></span> <span class='ocrx_word' id='word_1_290' title='bbox 2492 2986 2599 3051; x_wconf 81' lang='grc' dir='ltr'><strong><em>καὶ</em></strong></span> <span class='ocrx_word' id='word_1_291' title='bbox 2631 2986 2813 3058; x_wconf 83' lang='grc' dir='ltr'><strong><em>σκιὰς</em></strong></span> 
     </span>
     <span class='ocr_line' id='line_1_29' title="bbox 357 3076 2813 3161; baseline 0 -19"><span class='ocrx_word' id='word_1_292' title='bbox 357 3078 841 3160; x_wconf 82' lang='grc' dir='ltr'><strong><em>εὐλαβούμενος.</em></strong></span> <span class='ocrx_word' id='word_1_293' title='bbox 908 3077 1036 3142; x_wconf 82' lang='grc' dir='ltr'><strong><em>Οἰο.</em></strong></span> <span class='ocrx_word' id='word_1_294' title='bbox 1083 3098 1140 3161; x_wconf 91' lang='lat' dir='ltr'><strong><em>p.</em></strong></span> <span class='ocrx_word' id='word_1_295' title='bbox 1189 3078 1256 3143; x_wconf 86' lang='lat' dir='ltr'><strong><em>C.</em></strong></span> <span class='ocrx_word' id='word_1_296' title='bbox 1302 3077 1457 3141; x_wconf 81' lang='lat' dir='ltr'>Rab.</span> <span class='ocrx_word' id='word_1_297' title='bbox 1506 3077 1672 3141; x_wconf 70' lang='lat' dir='ltr'><strong>Post.</strong></span> <span class='ocrx_word' id='word_1_298' title='bbox 1730 3080 1829 3160; x_wconf 88' lang='lat'><strong><em>15,</em></strong></span> <span class='ocrx_word' id='word_1_299' title='bbox 1862 3079 1964 3140; x_wconf 85' lang='lat'><strong><em>41.</em></strong></span> <span class='ocrx_word' id='word_1_300' title='bbox 2025 3076 2343 3141; x_wconf 83' lang='lat' dir='ltr'><strong><em>‘umbram</em></strong></span> <span class='ocrx_word' id='word_1_301' title='bbox 2401 3078 2633 3158; x_wconf 81' lang='lat' dir='ltr'>equitis</span> <span class='ocrx_word' id='word_1_302' title='bbox 2686 3076 2813 3142; x_wconf 89' lang='lat' dir='ltr'><strong><em>Ro·</em></strong></span> 
     </span>
     <span class='ocr_line' id='line_1_30' title="bbox 357 3165 1350 3250; baseline -0.001 -20"><span class='ocrx_word' id='word_1_303' title='bbox 357 3169 530 3230; x_wconf 81' lang='lat' dir='ltr'><strong>mani</strong></span> <span class='ocrx_word' id='word_1_304' title='bbox 576 3174 640 3231; x_wconf 77' lang='lat' dir='ltr'><strong><em>et</em></strong></span> <span class='ocrx_word' id='word_1_305' title='bbox 683 3166 1030 3250; x_wconf 82' lang='lat' dir='ltr'><strong>imaginem</strong></span> <span class='ocrx_word' id='word_1_306' title='bbox 1079 3165 1350 3231; x_wconf 60' lang='lat' dir='ltr'>videtis!</span> 
     </span>
    </p>
   </div>
   <div class='ocr_carea' id='block_1_8' title="bbox 354 3270 2814 4446">
    <p class='ocr_par' dir='ltr' id='par_1_10' title="bbox 354 3270 2814 3805">
     <span class='ocr_line' id='line_1_31' title="bbox 537 3270 2813 3360; baseline -0 -24"><span class='ocrx_word' id='word_1_307' title='bbox 537 3274 684 3337; x_wconf 89' lang='grc'><strong>947.</strong></span> <span class='ocrx_word' id='word_1_308' title='bbox 731 3273 997 3338; x_wconf 87' lang='grc' dir='ltr'><strong><em>εἴδωλον</em></strong></span> <span class='ocrx_word' id='word_1_309' title='bbox 1042 3270 1271 3360; x_wconf 80' lang='grc' dir='ltr'><strong><em>ἄλλως]</em></strong></span> <span class='ocrx_word' id='word_1_310' title='bbox 1330 3271 1420 3338; x_wconf 86' lang='lat' dir='ltr'><strong><em>Cf.</em></strong></span> <span class='ocrx_word' id='word_1_311' title='bbox 1465 3274 1561 3337; x_wconf 87' lang='lat' dir='ltr'><strong><em>Tr.</em></strong></span> <span class='ocrx_word' id='word_1_312' title='bbox 1611 3276 1759 3338; x_wconf 88' lang='lat'><strong><em>814.</em></strong></span> <span class='ocrx_word' id='word_1_313' title='bbox 1808 3276 2007 3356; x_wconf 86' lang='grc' dir='ltr'><strong><em>ὄγκον</em></strong></span> <span class='ocrx_word' id='word_1_314' title='bbox 2063 3273 2184 3357; x_wconf 83' lang='grc' dir='ltr'><strong><em>γὰρ</em></strong></span> <span class='ocrx_word' id='word_1_315' title='bbox 2244 3274 2453 3344; x_wconf 81' lang='grc' dir='ltr'><strong><em>ἄλλως</em></strong></span> <span class='ocrx_word' id='word_1_316' title='bbox 2499 3273 2813 3355; x_wconf 87' lang='grc' dir='ltr'><strong><em>ὀνόματος</em></strong></span> 
     </span>
     <span class='ocr_line' id='line_1_32' title="bbox 360 3362 2814 3446; baseline 0.001 -21"><span class='ocrx_word' id='word_1_317' title='bbox 360 3364 418 3425; x_wconf 88' lang='grc' dir='ltr'><strong><em>τί</em></strong></span> <span class='ocrx_word' id='word_1_318' title='bbox 471 3362 572 3426; x_wconf 85' lang='grc' dir='ltr'><strong><em>δεῖ</em></strong></span> <span class='ocrx_word' id='word_1_319' title='bbox 619 3363 868 3445; x_wconf 82' lang='grc' dir='ltr'><strong><em>τρέφειν</em></strong></span> <span class='ocrx_word' id='word_1_320' title='bbox 917 3362 928 3445; x_wconf 92' lang='grc' dir='ltr'>Ι</span> <span class='ocrx_word' id='word_1_321' title='bbox 966 3371 1306 3446; x_wconf 77' lang='grc' dir='ltr'><strong><em>μητρῷον;</em></strong></span> <span class='ocrx_word' id='word_1_322' title='bbox 1370 3364 1562 3427; x_wconf 86' lang='lat' dir='ltr'><strong>Arist.</strong></span> <span class='ocrx_word' id='word_1_323' title='bbox 1611 3362 1778 3427; x_wconf 88' lang='lat' dir='ltr'>Nub.</span> <span class='ocrx_word' id='word_1_324' title='bbox 1835 3364 2018 3427; x_wconf 89' lang='grc'><strong>1206.</strong></span> <span class='ocrx_word' id='word_1_325' title='bbox 2084 3362 2264 3428; x_wconf 83' lang='lat' dir='ltr'><strong><em>Dem.</em></strong></span> <span class='ocrx_word' id='word_1_326' title='bbox 2312 3383 2369 3446; x_wconf 92' lang='lat' dir='ltr'><strong><em>p.</em></strong></span> <span class='ocrx_word' id='word_1_327' title='bbox 2405 3363 2550 3426; x_wconf 85' lang='lat'>931.</span> <span class='ocrx_word' id='word_1_328' title='bbox 2606 3363 2814 3434; x_wconf 81' lang='grc' dir='ltr'><strong><em>ἄλλως</em></strong></span> 
     </span>
     <span class='ocr_line' id='line_1_33' title="bbox 357 3451 2810 3537; baseline -0.001 -21"><span class='ocrx_word' id='word_1_329' title='bbox 357 3452 559 3516; x_wconf 78' lang='grc' dir='ltr'><strong><em>ὕθλον</em></strong></span> <span class='ocrx_word' id='word_1_330' title='bbox 604 3451 712 3515; x_wconf 81' lang='grc' dir='ltr'><strong><em>καὶ</em></strong></span> <span class='ocrx_word' id='word_1_331' title='bbox 757 3452 1088 3534; x_wconf 90' lang='grc' dir='ltr'><strong><em>φλυαρίαν.</em></strong></span> <span class='ocrx_word' id='word_1_332' title='bbox 1152 3473 1209 3537; x_wconf 91' lang='lat' dir='ltr'><strong><em>p.</em></strong></span> <span class='ocrx_word' id='word_1_333' title='bbox 1246 3453 1390 3516; x_wconf 88' lang='grc'><strong>348.</strong></span> <span class='ocrx_word' id='word_1_334' title='bbox 1440 3453 1628 3535; x_wconf 86' lang='grc' dir='ltr'><strong><em>ὄχλος</em></strong></span> <span class='ocrx_word' id='word_1_335' title='bbox 1674 3453 1884 3523; x_wconf 81' lang='grc' dir='ltr'><strong><em>ἄλλως</em></strong></span> <span class='ocrx_word' id='word_1_336' title='bbox 1929 3453 2036 3516; x_wconf 84' lang='grc' dir='ltr'><strong><em>καὶ</em></strong></span> <span class='ocrx_word' id='word_1_337' title='bbox 2079 3453 2409 3535; x_wconf 83' lang='grc' dir='ltr'><strong><em>βασκανία.</em></strong></span> <span class='ocrx_word' id='word_1_338' title='bbox 2476 3453 2627 3516; x_wconf 85' lang='lat' dir='ltr'><strong>Eur.</strong></span> <span class='ocrx_word' id='word_1_339' title='bbox 2673 3452 2810 3516; x_wconf 82' lang='lat' dir='ltr'><strong>Tro,</strong></span> 
     </span>
     <span class='ocr_line' id='line_1_34' title="bbox 358 3540 2811 3625; baseline 0.001 -21"><span class='ocrx_word' id='word_1_340' title='bbox 358 3544 505 3605; x_wconf 90' lang='grc'><strong>484.</strong></span> <span class='ocrx_word' id='word_1_341' title='bbox 527 3542 648 3606; x_wconf 85' lang='grc' dir='ltr'><strong><em>οὐκ</em></strong></span> <span class='ocrx_word' id='word_1_342' title='bbox 681 3541 962 3624; x_wconf 81' lang='grc' dir='ltr'><strong><em>ἀριθμὸν</em></strong></span> <span class='ocrx_word' id='word_1_343' title='bbox 993 3541 1228 3615; x_wconf 80' lang='grc' dir='ltr'><strong><em>ἄλλως,</em></strong></span> <span class='ocrx_word' id='word_1_344' title='bbox 1260 3541 1394 3606; x_wconf 83' lang='grc' dir='ltr'><em>ἀλλ’</em></span> <span class='ocrx_word' id='word_1_345' title='bbox 1427 3542 1813 3623; x_wconf 82' lang='grc' dir='ltr'><strong><em>ὑπερτάτους</em></strong></span> <span class='ocrx_word' id='word_1_346' title='bbox 1852 3542 2147 3624; x_wconf 82' lang='grc' dir='ltr'><strong><em>Φρυγῶν.</em></strong></span> <span class='ocrx_word' id='word_1_347' title='bbox 2195 3540 2336 3606; x_wconf 82' lang='lat' dir='ltr'>Hel.</span> <span class='ocrx_word' id='word_1_348' title='bbox 2364 3543 2507 3605; x_wconf 80' lang='lat'>761.</span> <span class='ocrx_word' id='word_1_349' title='bbox 2529 3542 2811 3625; x_wconf 80' lang='grc' dir='ltr'><strong><em>ἀριθμὸν</em></strong></span> 
     </span>
     <span class='ocr_line' id='line_1_35' title="bbox 355 3630 2809 3715; baseline -0 -21"><span class='ocrx_word' id='word_1_350' title='bbox 355 3631 579 3703; x_wconf 81' lang='grc' dir='ltr'><strong><em>ἄλλως.</em></strong></span> <span class='ocrx_word' id='word_1_351' title='bbox 717 3632 795 3695; x_wconf 82' lang='grc' dir='ltr'><strong><em>οὗ</em></strong></span> <span class='ocrx_word' id='word_1_352' title='bbox 861 3630 982 3714; x_wconf 82' lang='grc' dir='ltr'><strong><em>γὰρ</em></strong></span> <span class='ocrx_word' id='word_1_353' title='bbox 1047 3634 1127 3694; x_wconf 83' lang='grc' dir='ltr'><strong><em>ἂν</em></strong></span> <span class='ocrx_word' id='word_1_354' title='bbox 1182 3632 1489 3696; x_wconf 88' lang='grc' dir='ltr'><strong><em>σθένοντά</em></strong></span> <span class='ocrx_word' id='word_1_355' title='bbox 1547 3655 1615 3714; x_wconf 89' lang='grc' dir='ltr'><strong><em>γε</em></strong></span> <span class='ocrx_word' id='word_1_356' title='bbox 1655 3630 1663 3713; x_wconf 94' lang='grc' dir='ltr'>Ι</span> <span class='ocrx_word' id='word_1_357' title='bbox 1706 3631 1863 3695; x_wconf 79' lang='grc' dir='ltr'><strong><em>εἷλέν</em></strong></span> <span class='ocrx_word' id='word_1_358' title='bbox 1906 3631 2021 3715; x_wconf 88' lang='grc' dir='ltr'><strong><em>με]</em></strong></span> <span class='ocrx_word' id='word_1_359' title='bbox 2089 3631 2178 3695; x_wconf 85' lang='lat' dir='ltr'><strong><em>Cf.</em></strong></span> <span class='ocrx_word' id='word_1_360' title='bbox 2226 3631 2376 3694; x_wconf 84' lang='lat' dir='ltr'><strong>Eur.</strong></span> <span class='ocrx_word' id='word_1_361' title='bbox 2426 3630 2612 3695; x_wconf 78' lang='lat' dir='ltr'><strong>Hero.</strong></span> <span class='ocrx_word' id='word_1_362' title='bbox 2664 3633 2809 3695; x_wconf 89' lang='lat'>312.</span> 
     </span>
     <span class='ocr_line' id='line_1_36' title="bbox 354 3720 2543 3805; baseline -0.001 -20"><span class='ocrx_word' id='word_1_363' title='bbox 354 3723 413 3786; x_wconf 87' lang='grc' dir='ltr'><strong><em>εί</em></strong></span> <span class='ocrx_word' id='word_1_364' title='bbox 449 3722 570 3805; x_wconf 80' lang='grc' dir='ltr'><strong><em>μὲν</em></strong></span> <span class='ocrx_word' id='word_1_365' title='bbox 616 3722 978 3787; x_wconf 85' lang='grc' dir='ltr'><strong><em>σθένοντων</em></strong></span> <span class='ocrx_word' id='word_1_366' title='bbox 1022 3725 1151 3785; x_wconf 86' lang='grc' dir='ltr'><strong><em>τῶν</em></strong></span> <span class='ocrx_word' id='word_1_367' title='bbox 1196 3721 1375 3803; x_wconf 79' lang='grc' dir='ltr'><strong><em>ἐμῶν</em></strong></span> <span class='ocrx_word' id='word_1_368' title='bbox 1417 3721 1785 3805; x_wconf 80' lang='grc' dir='ltr'><strong><em>βραχιόνων</em></strong></span> <span class='ocrx_word' id='word_1_369' title='bbox 1825 3721 1833 3805; x_wconf 96' lang='grc' dir='ltr'>Ι</span> <span class='ocrx_word' id='word_1_370' title='bbox 1874 3720 1954 3804; x_wconf 86' lang='grc' dir='ltr'><strong><em>ἦν</em></strong></span> <span class='ocrx_word' id='word_1_371' title='bbox 2000 3722 2085 3791; x_wconf 87' lang='grc' dir='ltr'><strong><em>τίς</em></strong></span> <span class='ocrx_word' id='word_1_372' title='bbox 2128 3721 2200 3803; x_wconf 87' lang='grc' dir='ltr'><strong><em>μ’</em></strong></span> <span class='ocrx_word' id='word_1_373' title='bbox 2246 3721 2543 3804; x_wconf 83' lang='grc' dir='ltr'><strong><em>ὑβρίζων.</em></strong></span> 
     </span>
    </p>

    <p class='ocr_par' dir='ltr' id='par_1_11' title="bbox 537 3825 2522 3913">
     <span class='ocr_line' id='line_1_37' title="bbox 537 3825 2522 3913; baseline -0.002 -20"><span class='ocrx_word' id='word_1_374' title='bbox 537 3831 680 3893; x_wconf 83' lang='grc'><strong>948.</strong></span> <span class='ocrx_word' id='word_1_375' title='bbox 730 3827 872 3893; x_wconf 82' lang='grc' dir='ltr'><strong><em>οὐδ’</em></strong></span> <span class='ocrx_word' id='word_1_376' title='bbox 919 3830 999 3891; x_wconf 77' lang='grc' dir='ltr'><strong><em>ἂν</em></strong></span> <span class='ocrx_word' id='word_1_377' title='bbox 1047 3828 1156 3913; x_wconf 92' lang='grc'><strong><em>-]</em></strong></span> <span class='ocrx_word' id='word_1_378' title='bbox 1206 3825 1301 3893; x_wconf 84' lang='lat' dir='ltr'><strong><em>De</em></strong></span> <span class='ocrx_word' id='word_1_379' title='bbox 1348 3827 1466 3893; x_wconf 83' lang='lat' dir='ltr'><strong><em>hac</em></strong></span> <span class='ocrx_word' id='word_1_380' title='bbox 1513 3827 1721 3911; x_wconf 82' lang='lat' dir='ltr'><strong>ellipsi</strong></span> <span class='ocrx_word' id='word_1_381' title='bbox 1768 3827 1841 3891; x_wconf 86' lang='lat' dir='ltr'><strong><em>cf.</em></strong></span> <span class='ocrx_word' id='word_1_382' title='bbox 1887 3826 1984 3890; x_wconf 87' lang='lat' dir='ltr'><strong><em>Tr.</em></strong></span> <span class='ocrx_word' id='word_1_383' title='bbox 2035 3828 2181 3891; x_wconf 88' lang='grc'><strong>462.</strong></span> <span class='ocrx_word' id='word_1_384' title='bbox 2228 3825 2325 3890; x_wconf 89' lang='lat' dir='ltr'><strong><em>El.</em></strong></span> <span class='ocrx_word' id='word_1_385' title='bbox 2375 3828 2522 3891; x_wconf 87' lang='lat'>365.</span> 
     </span>
    </p>

    <p class='ocr_par' dir='ltr' id='par_1_12' title="bbox 356 3916 2813 4446">
     <span class='ocr_line' id='line_1_38' title="bbox 539 3916 2810 4002; baseline -0 -20"><span class='ocrx_word' id='word_1_386' title='bbox 539 3920 684 3982; x_wconf 91' lang='grc'><strong>950.</strong></span> <span class='ocrx_word' id='word_1_387' title='bbox 731 3916 887 3982; x_wconf 81' lang='grc' dir='ltr'><em>ἀλλὰ</em></span> <span class='ocrx_word' id='word_1_388' title='bbox 943 3923 1057 3982; x_wconf 82' lang='grc' dir='ltr'><strong><em>νῦν</em></strong></span> <span class='ocrx_word' id='word_1_389' title='bbox 1112 3918 1194 3981; x_wconf 83' lang='grc' dir='ltr'><strong><em>ἔτ’</em></strong></span> <span class='ocrx_word' id='word_1_390' title='bbox 1252 3917 1363 4002; x_wconf 89' lang='lat'><strong><em>—]</em></strong></span> <span class='ocrx_word' id='word_1_391' title='bbox 1430 3916 1521 3982; x_wconf 83' lang='lat' dir='ltr'><strong><em>Cf.</em></strong></span> <span class='ocrx_word' id='word_1_392' title='bbox 1569 3918 1720 3981; x_wconf 87' lang='lat' dir='ltr'><strong>Ant.</strong></span> <span class='ocrx_word' id='word_1_393' title='bbox 1772 3919 1917 3980; x_wconf 88' lang='grc'><strong>552.</strong></span> <span class='ocrx_word' id='word_1_394' title='bbox 1964 3917 2022 3979; x_wconf 87' lang='grc' dir='ltr'><strong><em>τί</em></strong></span> <span class='ocrx_word' id='word_1_395' title='bbox 2064 3916 2197 3999; x_wconf 88' lang='grc' dir='ltr'><strong><em>δῆτ’</em></strong></span> <span class='ocrx_word' id='word_1_396' title='bbox 2252 3919 2333 3979; x_wconf 83' lang='grc' dir='ltr'><strong><em>ἂν</em></strong></span> <span class='ocrx_word' id='word_1_397' title='bbox 2388 3916 2542 3980; x_wconf 83' lang='grc' dir='ltr'><em>ἀλλὰ</em></span> <span class='ocrx_word' id='word_1_398' title='bbox 2590 3923 2705 3980; x_wconf 85' lang='grc' dir='ltr'><strong><em>νῦν</em></strong></span> <span class='ocrx_word' id='word_1_399' title='bbox 2752 3916 2810 3981; x_wconf 87' lang='grc' dir='ltr'><strong><em>σ’</em></strong></span> 
     </span>
     <span class='ocr_line' id='line_1_39' title="bbox 356 4005 2813 4090; baseline -0.001 -20"><span class='ocrx_word' id='word_1_400' title='bbox 356 4006 439 4070; x_wconf 85' lang='grc' dir='ltr'><strong><em>ἔτ’</em></strong></span> <span class='ocrx_word' id='word_1_401' title='bbox 486 4007 797 4089; x_wconf 85' lang='grc' dir='ltr'><strong><em>ὠφελοῖμ’</em></strong></span> <span class='ocrx_word' id='word_1_402' title='bbox 843 4007 1007 4088; x_wconf 79' lang='grc' dir='ltr'><strong><em>ἐγώ,·</em></strong></span> <span class='ocrx_word' id='word_1_403' title='bbox 1070 4007 1169 4090; x_wconf 85' lang='lat' dir='ltr'><strong><em>Aj.</em></strong></span> <span class='ocrx_word' id='word_1_404' title='bbox 1221 4009 1321 4071; x_wconf 82' lang='grc'><strong><em>78.</em></strong></span> <span class='ocrx_word' id='word_1_405' title='bbox 1369 4005 1608 4090; x_wconf 79' lang='grc' dir='ltr'><strong><em>ἐχθρὸς</em></strong></span> <span class='ocrx_word' id='word_1_406' title='bbox 1665 4044 1747 4052; x_wconf 92' lang='grc'>-</span> <span class='ocrx_word' id='word_1_407' title='bbox 1804 4007 1911 4087; x_wconf 80' lang='grc' dir='ltr'><strong><em>καὶ</em></strong></span> <span class='ocrx_word' id='word_1_408' title='bbox 1965 4012 2156 4070; x_wconf 83' lang='grc' dir='ltr'><strong><em>τανῦν</em></strong></span> <span class='ocrx_word' id='word_1_409' title='bbox 2201 4007 2301 4069; x_wconf 76' lang='grc' dir='ltr'><strong><em>ἔτι.</em></strong></span> <span class='ocrx_word' id='word_1_410' title='bbox 2484 4006 2551 4069; x_wconf 76' lang='grc' dir='ltr'><strong><em>ἐν</em></strong></span> <span class='ocrx_word' id='word_1_411' title='bbox 2596 4014 2813 4088; x_wconf 74' lang='grc' dir='ltr'><strong><em>σαυτῷ</em></strong></span> 
     </span>
     <span class='ocr_line' id='line_1_40' title="bbox 359 4094 2809 4180; baseline -0.001 -21"><span class='ocrx_word' id='word_1_412' title='bbox 359 4095 568 4180; x_wconf 85' lang='grc' dir='ltr'><strong><em>γενοῦ]</em></strong></span> <span class='ocrx_word' id='word_1_413' title='bbox 636 4095 906 4178; x_wconf 84' lang='lat' dir='ltr'>Anglice</span> <span class='ocrx_word' id='word_1_414' title='bbox 962 4095 1049 4160; x_wconf 83' lang='lat' dir='ltr'><strong><em>be</em></strong></span> <span class='ocrx_word' id='word_1_415' title='bbox 1105 4097 1468 4178; x_wconf 81' lang='lat' dir='ltr'><strong>yourself.</strong></span> <span class='ocrx_word' id='word_1_416' title='bbox 1547 4096 1639 4160; x_wconf 87' lang='lat' dir='ltr'><strong><em>Cf.</em></strong></span> <span class='ocrx_word' id='word_1_417' title='bbox 1686 4096 1915 4159; x_wconf 81' lang='lat' dir='ltr'>Aesch.</span> <span class='ocrx_word' id='word_1_418' title='bbox 1964 4095 2113 4160; x_wconf 87' lang='lat' dir='ltr'>Cho.</span> <span class='ocrx_word' id='word_1_419' title='bbox 2163 4096 2310 4158; x_wconf 88' lang='lat'>233.</span> <span class='ocrx_word' id='word_1_420' title='bbox 2365 4094 2551 4159; x_wconf 83' lang='grc' dir='ltr'><strong><em>ἔνδον</em></strong></span> <span class='ocrx_word' id='word_1_421' title='bbox 2607 4101 2809 4177; x_wconf 85' lang='grc' dir='ltr'><strong><em>γενοῦ.</em></strong></span> 
     </span>
     <span class='ocr_line' id='line_1_41' title="bbox 356 4183 2808 4267; baseline -0.001 -20"><span class='ocrx_word' id='word_1_422' title='bbox 356 4184 507 4247; x_wconf 87' lang='lat' dir='ltr'><strong>Eur.</strong></span> <span class='ocrx_word' id='word_1_423' title='bbox 555 4184 704 4249; x_wconf 81' lang='lat' dir='ltr'><strong>Her.</strong></span> <span class='ocrx_word' id='word_1_424' title='bbox 757 4185 900 4249; x_wconf 91' lang='grc'><strong>709.</strong></span> <span class='ocrx_word' id='word_1_425' title='bbox 967 4190 1101 4248; x_wconf 89' lang='grc' dir='ltr'><strong><em>σῶν</em></strong></span> <span class='ocrx_word' id='word_1_426' title='bbox 1164 4190 1423 4267; x_wconf 87' lang='grc' dir='ltr'><strong><em>φρενῶν</em></strong></span> <span class='ocrx_word' id='word_1_427' title='bbox 1496 4185 1616 4249; x_wconf 82' lang='grc' dir='ltr'><strong><em>οὐκ</em></strong></span> <span class='ocrx_word' id='word_1_428' title='bbox 1691 4186 1877 4249; x_wconf 84' lang='grc' dir='ltr'><strong><em>ἔνδον</em></strong></span> <span class='ocrx_word' id='word_1_429' title='bbox 1952 4184 2063 4248; x_wconf 83' lang='grc' dir='ltr'><strong><em>ὤν.</em></strong></span> <span class='ocrx_word' id='word_1_430' title='bbox 2139 4183 2305 4249; x_wconf 83' lang='lat' dir='ltr'>Xen.</span> <span class='ocrx_word' id='word_1_431' title='bbox 2353 4183 2558 4248; x_wconf 82' lang='lat' dir='ltr'><strong>Anab.</strong></span> <span class='ocrx_word' id='word_1_432' title='bbox 2605 4183 2653 4248; x_wconf 94' lang='lat' dir='ltr'><strong><em>I.</em></strong></span> <span class='ocrx_word' id='word_1_433' title='bbox 2701 4184 2808 4247; x_wconf 88' lang='lat' dir='ltr'><strong><em>fin.</em></strong></span> 
     </span>
     <span class='ocr_line' id='line_1_42' title="bbox 358 4273 2811 4357; baseline -0 -21"><span class='ocrx_word' id='word_1_434' title='bbox 358 4273 643 4344; x_wconf 83' lang='grc' dir='ltr'><strong><em>ἀκούσας</em></strong></span> <span class='ocrx_word' id='word_1_435' title='bbox 686 4279 878 4337; x_wconf 87' lang='grc' dir='ltr'><strong><em>ταῦτα</em></strong></span> <span class='ocrx_word' id='word_1_436' title='bbox 927 4311 1008 4319; x_wconf 90' lang='lat'><strong><em>-·</em></strong></span> <span class='ocrx_word' id='word_1_437' title='bbox 1058 4273 1126 4336; x_wconf 82' lang='grc' dir='ltr'><strong><em>ἐν</em></strong></span> <span class='ocrx_word' id='word_1_438' title='bbox 1172 4274 1380 4356; x_wconf 79' lang='grc' dir='ltr'><strong><em>ἑαυτῷ</em></strong></span> <span class='ocrx_word' id='word_1_439' title='bbox 1424 4275 1682 4357; x_wconf 78' lang='grc' dir='ltr'><strong><em>ἐγένετο.</em></strong></span> <span class='ocrx_word' id='word_1_440' title='bbox 1739 4275 1931 4338; x_wconf 83' lang='lat' dir='ltr'><strong>Arist.</strong></span> <span class='ocrx_word' id='word_1_441' title='bbox 1983 4274 2171 4356; x_wconf 82' lang='lat' dir='ltr'><strong>Vesp.</strong></span> <span class='ocrx_word' id='word_1_442' title='bbox 2215 4274 2362 4339; x_wconf 85' lang='grc'><strong>642.</strong></span> <span class='ocrx_word' id='word_1_443' title='bbox 2410 4274 2811 4354; x_wconf 87' lang='grc' dir='ltr'><strong><em>σκορδινᾶται</em></strong></span> 
     </span>
     <span class='ocr_line' id='line_1_43' title="bbox 356 4362 2810 4446; baseline -0.001 -20"><span class='ocrx_word' id='word_1_444' title='bbox 356 4363 573 4427; x_wconf 80' lang='grc' dir='ltr'><strong><em>κᾶστιν</em></strong></span> <span class='ocrx_word' id='word_1_445' title='bbox 619 4363 739 4427; x_wconf 81' lang='grc' dir='ltr'><strong><em>οὐκ</em></strong></span> <span class='ocrx_word' id='word_1_446' title='bbox 787 4362 854 4425; x_wconf 81' lang='grc' dir='ltr'><strong><em>ἐν</em></strong></span> <span class='ocrx_word' id='word_1_447' title='bbox 900 4362 1095 4425; x_wconf 81' lang='grc' dir='ltr'><strong><em>αὑτοῦ</em></strong></span> <span class='ocrx_word' id='word_1_448' title='bbox 1144 4362 1233 4443; x_wconf 81' lang='grc' dir='ltr'><strong><em>(ἐν</em></strong></span> <span class='ocrx_word' id='word_1_449' title='bbox 1279 4364 1455 4446; x_wconf 79' lang='grc' dir='ltr'><strong><em>αὑτῷ</em></strong></span> <span class='ocrx_word' id='word_1_450' title='bbox 1501 4369 1612 4428; x_wconf 80' lang='lat' dir='ltr'><strong><em>aut</em></strong></span> <span class='ocrx_word' id='word_1_451' title='bbox 1641 4364 1865 4427; x_wconf 77' lang='grc' dir='ltr'><strong><em>οὐκέθ’</em></strong></span> <span class='ocrx_word' id='word_1_452' title='bbox 1899 4364 2188 4442; x_wconf 73' lang='grc' dir='ltr'><strong><em>αῧτοῦΡ).</em></strong></span> <span class='ocrx_word' id='word_1_453' title='bbox 2234 4362 2369 4426; x_wconf 80' lang='lat' dir='ltr'><strong>Ter.</strong></span> <span class='ocrx_word' id='word_1_454' title='bbox 2405 4362 2601 4425; x_wconf 85' lang='lat' dir='ltr'><strong>Andr.</strong></span> <span class='ocrx_word' id='word_1_455' title='bbox 2636 4362 2717 4425; x_wconf 89' lang='grc' dir='ltr'><strong><em>Π.</em></strong></span> <span class='ocrx_word' id='word_1_456' title='bbox 2751 4365 2810 4426; x_wconf 91' lang='grc'><strong>4.</strong></span> 
     </span>
    </p>
   </div>
   <div class='ocr_carea' id='block_1_9' title="bbox 358 4450 2809 4626">
    <p class='ocr_par' dir='ltr' id='par_1_13' title="bbox 358 4450 2809 4626">
     <span class='ocr_line' id='line_1_44' title="bbox 358 4450 2756 4536; baseline -0 -21"><span class='ocrx_word' id='word_1_457' title='bbox 358 4451 582 4517; x_wconf 86' lang='lat' dir='ltr'><strong>‘Proin</strong></span> <span class='ocrx_word' id='word_1_458' title='bbox 626 4454 726 4517; x_wconf 80' lang='lat' dir='ltr'><strong><em>fao</em></strong></span> <span class='ocrx_word' id='word_1_459' title='bbox 770 4450 937 4536; x_wconf 83' lang='lat' dir='ltr'><strong>apud</strong></span> <span class='ocrx_word' id='word_1_460' title='bbox 984 4458 1044 4515; x_wconf 82' lang='lat' dir='ltr'><strong><em>te</em></strong></span> <span class='ocrx_word' id='word_1_461' title='bbox 1094 4457 1163 4515; x_wconf 86' lang='lat' dir='ltr'><strong><em>ut</em></strong></span> <span class='ocrx_word' id='word_1_462' title='bbox 1206 4452 1377 4518; x_wconf 85' lang='lat' dir='ltr'>sies’.</span> <span class='ocrx_word' id='word_1_463' title='bbox 1425 4454 1598 4518; x_wconf 81' lang='lat' dir='ltr'><strong>Pers.</strong></span> <span class='ocrx_word' id='word_1_464' title='bbox 1648 4452 1774 4517; x_wconf 84' lang='lat' dir='ltr'>Sat.</span> <span class='ocrx_word' id='word_1_465' title='bbox 1821 4452 1932 4516; x_wconf 87' lang='lat' dir='ltr'><strong><em>IV.</em></strong></span> <span class='ocrx_word' id='word_1_466' title='bbox 1984 4454 2084 4514; x_wconf 88' lang='grc'><strong><em>52.</em></strong></span> <span class='ocrx_word' id='word_1_467' title='bbox 2134 4454 2407 4516; x_wconf 84' lang='lat' dir='ltr'><strong>‘tecum</strong></span> <span class='ocrx_word' id='word_1_468' title='bbox 2457 4450 2756 4516; x_wconf 61' lang='lat' dir='ltr'>habita?</span> 
     </span>
     <span class='ocr_line' id='line_1_45' title="bbox 537 4538 2809 4626; baseline 0 -22"><span class='ocrx_word' id='word_1_469' title='bbox 537 4542 681 4605; x_wconf 90' lang='grc'><strong>952.</strong></span> <span class='ocrx_word' id='word_1_470' title='bbox 730 4538 788 4604; x_wconf 84' lang='grc' dir='ltr'><em>ὦ</em></span> <span class='ocrx_word' id='word_1_471' title='bbox 852 4546 1067 4625; x_wconf 85' lang='grc' dir='ltr'><strong><em>σχῆμα</em></strong></span> <span class='ocrx_word' id='word_1_472' title='bbox 1132 4543 1362 4625; x_wconf 86' lang='grc' dir='ltr'><strong><em>πέτρας</em></strong></span> <span class='ocrx_word' id='word_1_473' title='bbox 1427 4541 1712 4626; x_wconf 83' lang='grc' dir='ltr'><strong><em>δίπυλον]</em></strong></span> <span class='ocrx_word' id='word_1_474' title='bbox 1770 4541 1858 4606; x_wconf 83' lang='lat' dir='ltr'><strong><em>Cf.</em></strong></span> <span class='ocrx_word' id='word_1_475' title='bbox 1906 4541 2055 4605; x_wconf 81' lang='lat' dir='ltr'><strong>Eur.</strong></span> <span class='ocrx_word' id='word_1_476' title='bbox 2107 4541 2239 4605; x_wconf 85' lang='lat' dir='ltr'>Alc.</span> <span class='ocrx_word' id='word_1_477' title='bbox 2290 4543 2434 4605; x_wconf 84' lang='lat'><strong>935.</strong></span> <span class='ocrx_word' id='word_1_478' title='bbox 2492 4539 2550 4604; x_wconf 84' lang='grc' dir='ltr'><em>ὦ</em></span> <span class='ocrx_word' id='word_1_479' title='bbox 2596 4548 2809 4626; x_wconf 82' lang='grc' dir='ltr'><strong><em>σχῆμα</em></strong></span> 
     </span>
    </p>
   </div>
  </div>
 </body>
</html>
