3463 5287
633 393 718 456 98
1708 408 2004 457 Μαθη-

816 570 960 633 904.
1007 575 1134 641 τοῖς
1179 575 1525 652 φρονοῦσιν
1571 567 1674 652 εὗ]
1743 568 1836 633 Cf.
1885 568 1955 632 Ο.
1989 567 2056 632 C.
2104 568 2250 631 810.
2317 568 2395 630 οὗ
2444 567 2591 650 δῆθ’
2639 566 2768 649 ὅτῳ
2824 591 2894 649 γε
2938 573 3093 637 νοῦς

634 661 768 730 ἴσος
830 659 939 723 καὶ
1001 659 1101 722 σοὶ
1145 660 1338 741 πάρα.
1413 659 1599 723 1446.
1657 659 1904 732 ἀνάξιαι
1960 658 2082 740 γὰρ
2127 658 2316 720 πᾶσίν
2369 657 2503 721 ἐστε
2551 656 2890 740 δυστυχεῖν.
2936 655 3089 719 Eur.

634 749 798 812 Med.
851 749 996 812 580.
1053 747 1197 832 ἐμοὶ
1254 747 1374 830 γὰρ
1431 749 1597 818 ὅστις
1651 748 1875 818 ἄδικος
1929 749 2025 811 ὢν
2080 746 2286 830 σοφὸς
2339 746 2536 827 λέγειν
2577 744 2585 830 Ι
2624 748 2874 829 πέφυκε
2917 745 3090 809 πλεί-

633 862 781 922 στην
828 839 1059 921 ζημίαν
1106 837 1485 921 ὀφλισκάνει.
1657 842 2006 920 φρονοῦσιν
2053 835 2155 920 εὗ]
2206 834 2293 899 Of.
2347 836 2533 899 1031.
2580 833 2651 899 εὗ
2697 858 2795 899 σοι
2840 836 3090 919 φρονή-

630 951 747 999 σας
791 926 861 991 εὗ
907 927 1092 1010 λέγῳ.

811 1035 956 1098 906.
1006 1033 1094 1098 Of.
1144 1033 1294 1098 Eur.
1341 1032 1439 1097 Fr.
1490 1034 1635 1106 786,
1685 1035 1743 1095 2.
1808 1033 1992 1115 φίλος
2049 1032 2120 1095 δέ
2171 1056 2283 1114 μοι
2323 1031 2332 1114 Ι
2373 1031 2638 1102 ἄλουτος
2692 1034 2762 1095 ἐν
2806 1032 3089 1114 φάραγξι

634 1126 890 1207 σήπεται
936 1125 1138 1193 νέκυς.
1187 1122 1281 1185 ΕΙ.
1316 1123 1461 1186 319.
1510 1123 1666 1205 αἷμα
1712 1121 1954 1204 πατρὸς
1986 1121 2188 1204 μέλαν
2218 1122 2488 1205 σέσηπεν
2518 1121 2808 1185 ἐπύθετο.
2858 1120 3085 1204 Odyss.

635 1215 690 1297 1,
740 1214 883 1276 161.
950 1209 1028 1276 οὗ
1094 1213 1173 1295 δή
1238 1236 1366 1277 που
1438 1211 1609 1275 λεύκ’
1676 1211 1858 1275 ὀστέα
1921 1212 2189 1275 πύθεται
2258 1211 2508 1294 ὄμβρῳ.
2574 1209 2809 1275 Lucan.
2867 1210 3087 1274 Phars.

635 1303 692 1386 7,
741 1303 887 1366 810.
934 1301 1222 1366 ‘tabesne
1269 1301 1577 1366 cadavera
1620 1300 1826 1365 solvat
1863 1300 1873 1382 Ι
1914 1320 1996 1364 an
2044 1320 2236 1384 rogus
2284 1301 2453 1363 haud
2498 1300 2729 1365 refert’

811 1391 955 1455 907.
1000 1389 1296 1474 πολιτῶν]
1363 1389 1412 1453 Ι.
1459 1410 1517 1473 q.
1581 1391 1846 1461 πόλεως.
1926 1388 2016 1453 Cf.
2065 1391 2212 1453 842.
2392 1388 2648 1473 ᾖρόμην
2701 1387 2925 1472 πόνον]
2993 1387 3085 1452 Cf.

629 1481 780 1545 Eur.
827 1480 961 1544 Ion.
1016 1481 1158 1544 199.
1223 1479 1479 1551 κοινοὺς
1543 1480 1882 1563 αἰρόμενος
1944 1480 2202 1550 πόνους.
2268 1477 2340 1543 Ο.
2373 1478 2439 1542 Ο.
2489 1479 2635 1542 460.
2694 1478 2951 1562 ἀρεῖσθε
2998 1515 3084 1524 ——-

626 1570 882 1641 πόνους.

810 1678 936 1741 908
969 1697 1059 1760 sq.
1118 1677 1209 1742 Of.
1255 1675 1491 1741 Herod.
1538 1676 1652 1740 III.
1706 1678 1850 1740 119.
1906 1678 1946 1759 ἡ
1996 1675 2055 1740 δ’
2110 1676 2401 1759 ἀμείβετο
2456 1675 2687 1748 τοῖσδε,
2754 1672 2850 1738 “cb
2903 1675 3083 1757 βασι-

627 1768 765 1839 λεῦ,
822 1766 986 1850 ἀνὴρ
1038 1767 1161 1849 μέν
1213 1790 1326 1848 μοι
1381 1768 1460 1830 ἂν
1506 1766 1694 1836 ἄλλος
1742 1767 2008 1848 γένοιτο,
2065 1767 2123 1829 εἰ
2165 1765 2416 1848 δαίμων
2461 1764 2699 1838 ἐθέλοι,
2747 1764 2852 1827 καὶ
2896 1765 3083 1828 τέκνα

627 1857 812 1930 ἄλλα,
880 1858 937 1919 εἰ
994 1862 1186 1919 ταῦτα
1251 1855 1663 1939 ἀποβάλοιμι·
1728 1855 1969 1937 πατρὸς
2036 1855 2105 1919 δὲ
2169 1855 2278 1919 καὶ
2339 1853 2581 1937 μητρὸς
2637 1853 2757 1917 οὐκ
2813 1855 2897 1916 ἔτι
2959 1877 3084 1935 μευ

627 1946 929 2019 ζωόντων
984 1944 1292 2028 ἀδελφεὸς
1337 1947 1417 2008 ἂν
1462 1945 1649 2016 ἄλλος
1697 1944 1910 2009 οὖδενὶ
1949 1944 2170 2027 τρόπῳ
2204 1945 2465 2026 γένοιτο·
2512 1943 2702 2026 ταύτῃ
2750 1948 2824 2026 τῇ
2857 1944 3083 2025 γνώμῃ

626 2036 939 2118 χρεομένη
988 2035 1165 2108 ἔλεξα
1212 2033 1463 2098 ταῦτα.”

808 2125 952 2187 908.
998 2126 1162 2194 τίνος
1206 2125 1411 2206 νόμου
1461 2123 1609 2207 -——,·]
1676 2122 1726 2186 I.
1776 2144 1833 2207 q.
1888 2124 2056 2205 ποίῳ
2101 2123 2320 2204 νόμω,·
2385 2132 2456 2186 ut
2510 2123 2580 2185 in
2626 2121 2720 2185 ΕΙ.
2770 2122 2916 2185 579.
2995 2119 3083 2183 Cf.

628 2212 777 2276 Eur.
838 2211 998 2276 Med.
1059 2215 1204 2276 538.
1279 2213 1369 2295 μὴ
1435 2211 1599 2295 πρὸς
1664 2213 1881 2295 ἰσχύος
1944 2213 2144 2295 χάριν.
2211 2211 2445 2295 Diphil.
2502 2212 2613 2276 IV.
2674 2212 2819 2274 395.
2894 2210 3085 2274 οὐδὲν

626 2303 836 2384 ἡδέως
876 2304 885 2384 Ι
925 2308 1097 2365 ποιεῖ
1135 2301 1256 2384 γὰρ
1304 2299 1514 2375 οὗτος,
1562 2300 1695 2365 ἀλλ’
1744 2303 1897 2365 ὅσον
1942 2302 2149 2384 νόμου
2196 2302 2396 2384 χάριν.

807 2410 934 2473 909
967 2429 1057 2491 sq.
1106 2408 1234 2473 Hie
1279 2409 1459 2473 locus
1497 2409 1832 2473 manifesto
1880 2408 1958 2472 ab
1996 2408 2322 2473 Herodoto
2370 2414 2659 2491 sumptus
2705 2413 2815 2471 est.
2893 2406 3084 2472 Simi-

624 2497 711 2561 lia
767 2498 845 2561 de
900 2498 1206 2562 Abaucha
1252 2497 1488 2580 Scytha
1543 2505 1880 2562 narrantur
1933 2497 2194 2563 Lucian.
2241 2498 2393 2561 Tox.
2445 2496 2573 2580 61.,
2638 2498 2753 2580 qui
2818 2497 3084 2560 interro-

625 2593 809 2672 gatus
873 2607 993 2651 cua
1059 2587 1135 2651 ab
1203 2589 1352 2672 igne
1418 2589 1697 2652 amioum
1764 2593 2093 2671 aegrotum
2161 2590 2371 2672 potius
2436 2606 2625 2670 quam
2697 2605 2963 2650 uxorem
3021 2593 3084 2650 et

623 2679 859 2742 liberos
904 2685 1218 2742 servasset
1260 2678 1613 2762 respondit,
1660 2677 1814 2741 ἀλλὰ
1860 2677 2094 2748 παῖδας
2137 2678 2275 2760 μὲν,
2323 2679 2477 2760 ἔφη,
2524 2677 2631 2740 καὶ
2677 2674 2865 2747 αὖθις
2895 2678 3079 2758 ποιή-

623 2768 865 2831 σασθαί
921 2791 1032 2849 μοι
1079 2768 1321 2849 ῥᾴδιον,
1385 2767 1494 2830 καὶ
1547 2766 1787 2850 ἄδηλον
1842 2767 1901 2830 εἰ
1950 2766 2187 2848 ἀγαθοὶ
2244 2768 2486 2830 ἔσονται
2534 2763 2732 2839 οὗτοι,
2780 2766 2965 2849 φίλον
3013 2765 3083 2829 δὲ

624 2857 745 2919 οὐκ
809 2858 888 2919 ἂν
934 2858 1180 2938 εὕροιμι
1225 2857 1416 2920 ἄλλον
1470 2857 1538 2919 ἐν
1582 2855 1802 2938 πολλῷ
1859 2855 2079 2938 χρόνῳ
2133 2862 2417 2919 τοιοῦτον
2465 2856 2601 2920 οἷον
2648 2855 2869 2937 (οἷοςῖ)
2914 2853 2982 2918 Γ
2973 2880 3080 2917 υν-

625 2947 822 3028 δάνης
868 2945 1005 3009 ἐστί.
1056 2947 1282 3008 Aesch.
1331 2945 1544 3028 Suppl.
1594 2948 1741 3008 442.
1797 2943 1905 3008 καὶ
1959 2946 2308 3028 χρημάτων
2362 2945 2482 3027 μὲν
2526 2946 2599 3009 ἐκ
2648 2945 2875 3026 δόμων
2918 2967 3080 3026 πορ-

623 3035 971 3117 θουμένων
1012 3035 1020 3115 Ι
1062 3036 1279 3115 γένοιτ’
1336 3036 1416 3097 ἂν
1480 3034 1634 3097 ἄλλα
1698 3035 1957 3118 κτησίου
2016 3034 2164 3105 Διὸς
2227 3036 2428 3117 χάριν,
2476 3041 2593 3098 etc.
2668 3033 2986 3097 “Edward
3034 3032 3081 3095 I.

625 3142 831 3187 seems
879 3128 942 3186 to
1008 3125 1167 3187 have
1234 3123 1392 3187 been
1459 3142 1581 3187 one
1645 3124 1715 3187 of
1766 3126 1870 3188 the
1926 3131 2091 3188 most
2138 3125 2319 3205 witty
2378 3124 2445 3187 of
2490 3143 2609 3186 our
2653 3122 2830 3205 early
2878 3123 3081 3206 king-s.

626 3211 728 3277 On
774 3213 879 3277 the
928 3213 1116 3277 death
1177 3214 1247 3276 of
1295 3214 1394 3275 his
1450 3213 1602 3295 only
1651 3233 1767 3277 son
1815 3215 1896 3278 he
1944 3235 2071 3276 was
2128 3214 2421 3296 resigned
2470 3213 2595 3276 and
2641 3213 2910 3297 patient,
2969 3212 3085 3275 but

624 3321 710 3365 on
755 3302 861 3366 the
910 3302 1093 3365 death
1144 3303 1208 3365 of
1253 3303 1354 3366 his
1399 3304 1602 3366 father
1650 3303 1727 3367 he
1777 3322 1906 3365 was
1938 3322 2095 3384 very
2130 3302 2414 3384 dejected
2452 3302 2577 3366 and
2625 3300 3082 3386 inconsolable‚

622 3392 747 3474 for,
797 3412 865 3454 as
911 3392 990 3455 he
1037 3392 1173 3455 said
1223 3398 1285 3456 to
1334 3392 1617 3474 Charles,
1671 3392 1850 3474 King
1896 3393 1964 3455 of
2003 3392 2229 3474 Sicily,
2276 3391 2456 3455 “God
2507 3411 2655 3474 may
2703 3389 2856 3455 send
2905 3409 3082 3454 more

622 3501 797 3561 sons,
857 3480 970 3544 but
1028 3482 1134 3544 the
1192 3481 1378 3545 death
1436 3483 1501 3545 of
1555 3503 1592 3544 a
1637 3482 1840 3545 father
1894 3482 1949 3543 is
2003 3480 2588 3545 irreeoverable.’'”
2642 3478 2882 3562 (Globe.
2940 3480 3080 3563 Sep.

802 3678 945 3740 910.
992 3677 1201 3760 τοῦδ’]
1250 3677 1347 3740 Sc..
1391 3682 1503 3740 τοῦ
1549 3677 1789 3747 παιδός.
1965 3676 2324 3764 ἤμπλακον]
2374 3675 2911 3760 Perdidissem.
2989 3676 3082 3741 Cf.

621 3766 769 3829 Eur.
816 3766 953 3829 Alo.
1003 3768 1149 3830 241.
1198 3768 1344 3828 420.

800 3874 920 3935 911
962 3892 1054 3954 sq.
1099 3872 1342 3956 μητρὸς
1400 3872 1457 3936 δ’
1516 3875 1582 3936 ἐν
1627 3874 1846 3937 Ἅιδου
1905 3873 2014 3936 καὶ
2068 3873 2309 3957 πατρὸς
2362 3874 2773 3938 κεκευθότοιν
2822 3871 2939 3957 -]
2989 3871 3078 3936 Cf.

617 3961 853 4024 Herod.
902 3961 1016 4025 III.
1072 3964 1212 4025 119.
1267 3961 1508 4044 πατρὸς
1566 3963 1635 4026 δὲ
1679 3964 1786 4026 καὶ
1830 3962 2073 4046 μητρὸς
2129 3965 2337 4028 οὐκέτι
2381 3988 2502 4046 μευ
2551 3963 2853 4038 ζωόντων
2898 3962 3079 4026 ἀδελ-

619 4050 776 4132 φεὸς
822 4053 901 4114 ἂν
947 4051 1135 4122 ἄλλος
1182 4052 1393 4115 οὐδενὶ
1438 4053 1657 4134 τρόπῳ
1706 4054 1962 4134 γένοιτο.
2145 4054 2212 4117 ἒν
2246 4053 2465 4117 Ἅιδου
2515 4090 2597 4099 -
2645 4051 3078 4135 κεκευθότοιν]

622 4139 709 4202 Cf.
760 4141 856 4223 Aj.
908 4140 1053 4202 634.
1091 4140 1272 4223 Ἅιδᾳ
1319 4143 1597 4205 κεύθων.
1647 4141 1809 4204 O.R.
1847 4143 1992 4204 968.
2042 4141 2199 4206 QG.
2237 4144 2425 4205 1552.
2476 4144 2699 4207 Aescb.
2733 4142 2898 4226 Sept.
2933 4143 3079 4204 585.

617 4230 836 4312 μάντις
889 4230 1225 4300 κεκευθὼς
1279 4231 1584 4313 πολεμίας
1641 4231 1768 4293 ὑπὸ
1822 4231 2080 4313 χθονός.
2138 4232 2324 4295 Hom.
2375 4232 2444 4295 Il.
2495 4234 2597 4315 23,
2645 4234 2791 4295 244.
2839 4231 3081 4296 εἰσόκεν

619 4318 808 4390 αὐτὸς
855 4319 1021 4400 ἐγὼν
1053 4320 1236 4403 Ἅϊδᾳ
1282 4321 1638 4403 κεύθωμαι.

800 4410 943 4471 912.
993 4408 1358 4473 Secundum
1414 4409 1817 4473 Dindorfium
1877 4409 2219 4493 Sophocles
2276 4410 2634 4493 scripsisset
2686 4413 2902 4495 potius
2957 4411 3079 4474 οὐκ

618 4497 757 4560 ἔσθ’
806 4498 986 4568 ὅπως
1033 4499 1310 4581 ἀδελφὸς
1357 4501 1435 4561 ἂν
1477 4499 1734 4582 βλάστοι
1781 4501 1947 4563 ποτέ.
