3463 5287
655 405 785 465 224
1587 421 1836 466 onnrpns
1883 421 2181 466 conomius

744 582 914 664 ἔχων
959 579 1117 665 ἔχει]
1177 580 1268 645 Of.
1319 581 1545 645 Aesch.
1599 583 1713 663 Ag.
1765 581 1911 644 340.
1969 581 2046 644 οὔ
2093 581 2205 642 τᾶν
2251 579 2491 651 ἑλόντες
2536 578 2726 651 αὖθις
2772 580 3112 645 ἀνθαλοῖεν

654 672 748 733 ἅν.
802 672 990 733 1532.
1047 671 1224 753 φέρει
1279 669 1553 753 φέροντ’,
1619 670 1835 734 ἐκτίνει
1883 668 1941 733 δ’
1987 670 2025 733 ό
2070 671 2328 732 καίνων.
2395 670 2542 733 Eur.
2590 669 2727 733 Alc.
2783 670 2968 733 1065.
3014 672 3109 754 μή

653 760 724 841 μ’
772 759 917 842 ἕλῃς
960 760 1300 843 ᾑρημένον.
1350 760 1476 824 Cic.
1524 758 1716 842 Epist.
1749 759 1828 821 ad
1863 758 2030 822 Fam.
2064 759 2179 822 IX.
2214 760 2314 820 26.
2364 758 2642 840 ‘Habe0,
2689 778 2823 823 non
2869 759 3113 823 habeor

656 870 694 912 a
738 848 972 913 Laide.⁹

840 938 1026 1000 1026.
1074 939 1187 1001 καί
1238 938 1294 1001 σ’
1343 938 1462 1002 εἷλε
1511 975 1589 983 -
1640 938 1679 1019 ἡ
1729 936 1921 1021 Δίκη]
1989 937 2080 1001 Cf.
2137 937 2231 1000 El.
2283 938 2427 999 528.
2493 938 2532 1018 ἦ
2601 936 2723 1019 γὰρ
2788 937 2945 1020 Δίκη
3015 961 3111 1000 νιν

655 1027 826 1091 εἷλεν.
893 1026 1044 1090 Eur.
1093 1027 1241 1091 Her.
1293 1028 1439 1090 941.
1503 1028 1623 1090 εἷλέ
1668 1026 1725 1089 σ’
1773 1027 1812 1107 ἠ
1861 1026 2037 1109 Δίκη.
2205 1025 2537 1109 θηρῶνθἼ
2587 1026 2678 1090 Of.
2734 1028 2955 1090 Aeseh.
3006 1027 3108 1091 Pr.

664 1119 849 1180 1072.
896 1115 1060 1197 πρὸς
1104 1116 1256 1199 ἄτης
1286 1116 1686 1198 θηραθεῖσαι.
1823 1114 1895 1178 τὰ
1930 1115 2052 1197 γὰρ
2086 1114 2681 1199 δόλῳ-κτήματ’]
2732 1116 2821 1179 Cf.
2842 1116 2938 1179 Tr.
2962 1117 3108 1179 668.

654 1211 784 1269 τῶν
829 1210 963 1268 σῶν
999 1204 1308 1286 εΗρακλεῖ
1348 1206 1770 1289 δωρημάτων.
1837 1204 1947 1269 Ρ11.
1999 1205 2144 1267 560.
2201 1205 2294 1274 ὡς
2337 1204 2540 1285 μάθω
2586 1205 2644 1267 τί
2682 1228 2793 1286 μοι
2834 1204 2844 1286 Ι
2885 1205 3109 1269 νεώτε-

656 1319 774 1377 ρον
836 1294 1136 1377 βούλευμ’
1202 1294 1312 1357 ἀπ’
1369 1296 1670 1376 Ἀργείων
1733 1295 1907 1376 ἔχεις.
1986 1294 2108 1357 Sed
2174 1294 2620 1375 corrigendum
2684 1296 2972 1378 suspicor
3034 1295 3108 1357 τὰ

657 1384 780 1467 γὰρ
830 1384 1003 1466 δόλῳ
1045 1386 1053 1465 Ι
1091 1384 1199 1447 καὶ
1260 1383 1352 1466 μὴ
1421 1385 1564 1466 δίκῃ
1629 1383 1979 1465 κεκτημέν’.
2058 1383 2145 1447 Cf.
2195 1382 2345 1445 Eur.
2378 1382 2475 1445 Fr.
2511 1384 2657 1463 354,
2691 1385 2747 1445 2.
2796 1384 2940 1447 οὔτε
2988 1383 3110 1465 γὰρ

655 1473 927 1543 πλοῦτός
989 1496 1141 1536 ποτε
1182 1473 1190 1555 Ι
1229 1475 1487 1555 βέβαιος
1554 1473 1793 1543 ἄδικος.
1865 1469 2015 1534 Eur.
2064 1471 2161 1535 Fr.
2213 1473 2368 1552 362,
2423 1473 2517 1534 ll.
2576 1472 2817 1543 ἀδίκως
2882 1472 2953 1536 δὲ
3015 1474 3107 1554 μὴ

656 1568 791 1626 κτῶ
835 1561 1124 1645 χρήματ’,
1172 1565 1251 1644 ἢν
1295 1562 1496 1645 βούλῃ
1544 1561 1748 1625 πολὺν
1788 1560 1797 1646 Ι
1837 1561 2072 1643 χρόνον
2115 1561 2463 1642 μελάθροις
2503 1561 2817 1642 ἐμμένειν·
2864 1561 2937 1624 τὰ
2987 1561 3111 1644 γὰρ

656 1657 879 1721 κακῶς
919 1654 927 1733 Ι
969 1652 1186 1722 οἴκους
1250 1651 1565 1715 ἐσελθόντ’
1630 1651 1752 1714 οὐκ
1817 1652 1941 1732 ἔχει
2006 1651 2337 1732 σωτηρίαν.
2408 1651 2601 1713 Arist.
2649 1650 2741 1714 Pl.
2794 1652 2937 1714 755.
2987 1651 3110 1714 οὐκ

656 1744 731 1805 ὲκ
781 1741 1026 1804 δικαίου
1073 1745 1201 1824 (qn.
1246 1741 1337 1824 μὴ
1393 1740 1450 1804 ’κ
1497 1746 1608 1804 τοῦ
1658 1740 1928 1819 δικαίου)
1973 1738 2081 1801 τὸν
2125 1741 2266 1822 βίον
2311 1740 2698 1822 κεκτημένοι.
2748 1741 2866 1802 Av.
2922 1740 3109 1802 1435.

659 1831 880 1913 διαζῆν
929 1867 1010 1876 -
1058 1836 1220 1913 χρῆν
1255 1867 1333 1876 -
1376 1831 1448 1894 ἐκ
1493 1835 1604 1892 τοῦ
1654 1829 1901 1892 δικαίου
1946 1829 2188 1910 μᾶλλον
2234 1831 2273 1910 ἢ
2324 1829 2749 1910 δικορραφεῖν.
2801 1827 3109 1912 Hyperid.

657 1940 708 1983 ο.
756 1921 859 1981 46.
914 1926 1023 2002 τῆς
1066 1919 1316 1990 πόλεως
1360 1920 1472 2002 τὴν
1517 1920 1589 1982 ἐκ
1637 1919 1739 1999 (ἐκ
1784 1919 1976 2001 ww)
2025 1917 2269 1981 δικαίου
2316 1917 2657 1998 πρόσοδον.
2706 1924 2770 1982 et
2813 1916 3108 1981 Latinum

659 2007 819 2071 illud
866 2009 1055 2072 ‘male
1101 2017 1279 2091 parta
1325 2009 1489 2073 male
1533 2007 1838 2091 pereunt?

844 2098 1029 2161 1029.
1076 2098 1369 2183 ἄσκευον]
1419 2096 1506 2161 Cf.
1544 2097 1633 2159 ΕΙ.
1668 2098 1770 2159 36.
1818 2096 2092 2159 ἄσκευον
2128 2133 2206 2141 -
2242 2096 2528 2159 ἀσπίδων
2573 2120 2636 2159 τε
2681 2095 2789 2159 καὶ
2825 2102 3111 2178 στρατοῦ.

843 2187 1028 2249 1030.
1075 2187 1308 2269 τόλμης
1370 2194 1481 2269 τῆς
1542 2187 1957 2268 παρεστώσης
2019 2184 2092 2247 τὰ
2157 2184 2293 2268 νῦν]
2366 2185 2455 2248 Cf.
2520 2187 2707 2249 Arist.
2767 2184 2911 2266 LyS.
2962 2187 3109 2248 318.

657 2281 768 2338 τοῦ
815 2281 929 2338 νῦν
973 2281 1381 2356 παρεστῶτος·
1419 2277 1707 2356 θράσους
1754 2275 1990 2339 θέσθαι
2037 2280 2340 2357 τροπαῖον
2385 2276 2571 2357 ἡμᾶς.

844 2366 1030 2428 1031.
1079 2364 1166 2427 Cf.
1217 2366 1406 2428 Arist.
1456 2364 1623 2429 Nub.
1676 2366 1863 2427 1347.
1929 2364 2022 2433 ὡς
2087 2361 2297 2435 οὗτος,
2362 2365 2421 2426 εἷ
2467 2365 2557 2445 μή
2605 2387 2697 2445 τῳ
2748 2364 3109 2435 ’πεποίθειν,

660 2454 780 2516 οὐκ
845 2456 924 2516 ἂν
989 2452 1067 2535 ἦν
1133 2455 1338 2523 οὕτως
1412 2454 1777 2523 ἀκόλαστος.
1859 2454 2043 2515 1349.
2119 2453 2252 2515 ἀλλ’
2317 2453 2453 2516 ἔσθ’
2519 2454 2648 2534 ὅτῳ
2711 2454 3109 2534 θρασύνεται.

748 2542 991 2627 πιστὸς]
1059 2544 1289 2606 Activo
1356 2561 1563 2607 sensti.
1642 2542 1729 2606 Cf.
1790 2543 2012 2605 Aesch.
2071 2542 2278 2605 Prom.
2338 2543 2482 2605 916.
2557 2547 2684 2612 τοῖς
2746 2541 3112 2624 πεδαρσίοις

659 2633 919 2702 κτύποις
960 2634 968 2714 Ι
1008 2633 1238 2703 πιστός.
1288 2633 1457 2697 PerS.
1500 2634 1644 2695 755.
1691 2632 2021 2714 τοξουλκῷ
2066 2631 2291 2715 λήματι
2336 2631 2606 2702 πιστούς.
2653 2630 2926 2713 Theogn.
2962 2632 3111 2695 807.

660 2723 871 2786 ἀστῶν
922 2721 1151 2804 μηδενὶ
1204 2722 1419 2792 πιστὸς
1473 2721 1600 2785 ἐὼν
1649 2758 1761 2782 ——-.
1816 2721 2005 2784 Thuc.
2054 2719 2166 2784 III.
2218 2723 2316 2784 30.
2396 2720 2500 2782 Sic
2547 2722 2806 2792 ἄπιστος
2852 2722 3109 2784 Anaxil.

663 2812 891 2876 Athen.
949 2810 1029 2873 II.
1088 2812 1170 2873 63
1204 2811 1274 2875 Β.
1339 2810 1530 2874 Thuc.
1586 2809 1633 2872 I.
1694 2812 1796 2873 68.
1868 2812 2156 2893 μεμπτός
2228 2834 2337 2873 τινι
2404 2810 2500 2873 Tr.
2558 2812 2705 2872 445.
2782 2811 3113 2880 στενακτός

661 2900 732 2964 O.
766 2900 830 2963 C.
887 2901 1072 2962 1662.
1260 2901 1444 2964 1034.
1495 2898 1813 2964 Conneete
1857 2898 1931 2962 τὰ
1979 2906 2093 2962 νῦν
2138 2901 2415 2978 (nunc).

843 2990 1030 3053 1036.
1079 2987 1168 3052 Cf.
1203 2988 1299 3052 Fr.
1337 2991 1480 3052 731.
1529 2989 1657 3070 ἐγὼ
1700 2989 1759 3052 δ’
1792 2989 1924 3070 ἐρῶ
1960 3013 2059 3052 σοι
2098 2988 2303 3052 δεινὸν
2350 2987 2556 3059 οὐδὲν,
2605 2989 2736 3051 ἀλλ’
2784 2989 2964 3059 ὅπως
2995 2994 3111 3052 etc.

660 3079 789 3144 “Se
838 3080 1041 3162 ipsum
1090 3085 1307 3162 negat,
1362 3080 1513 3141 dum
1562 3079 1665 3142 hic
1711 3079 1799 3157 (in
1847 3078 2069 3143 Thesei
2118 3083 2333 3160 regno)
2381 3078 2490 3155 sit,
2547 3078 2717 3158 quod
2775 3078 2830 3141 is
2877 3078 3116 3141 dixerit

662 3167 1252 3252 reprehensurum.’'
1302 3168 1606 3250 (Madvig)

845 3258 1031 3321 1039.
1081 3257 1171 3322 Cf.
1221 3259 1366 3322 650.
1415 3259 1588 3320 οὔτοι
1634 3255 1745 3338 σφ’
1792 3258 1903 3338 ὕφ’
1948 3257 2150 3338 ὅρκου
2199 3257 2255 3337 γ’
2304 3256 2396 3325 ὡς
2437 3255 2643 3319 κακὸν
2699 3258 3112 3339 πιστώσομαι.

843 3348 1030 3427 1041.
1079 3346 1321 3433 στήσω]
1378 3346 1466 3410 Cf.
1516 3348 1742 3410 Aesch.
1791 3346 1972 3408 Eum.
2025 3346 2167 3409 789.
2222 3345 2379 3427 μηδ’
2429 3382 2508 3391 -
2560 3346 2817 3428 στήσητε
2875 3345 3108 3427 δύσκη-

660 3435 771 3498 λον
816 3436 1042 3517 χθόνα.

844 3527 1032 3588 1042.
1080 3524 1291 3608 ὄναιο]
1341 3524 1427 3589 Cf.
1478 3524 1626 3588 Eur.
1669 3523 1773 3588 Or.
1813 3525 1999 3586 1677.
2048 3523 2180 3608 Iph.
2214 3525 2291 3585 A.
2331 3524 2517 3586 1008.
2565 3523 2705 3587 Hel.
2742 3525 2886 3586 646.
2928 3525 3111 3585 1418.

664 3615 851 3677 Arist.
906 3613 991 3676 Pl.
1046 3615 1232 3676 1062.
1412 3620 1523 3677 τοῦ
1576 3650 1653 3659 -
1706 3612 2027 3697 γενναίου]
2085 3613 2295 3675 Your
2358 3612 2581 3676 noble
2634 3612 2964 3676 conduct
3018 3616 3115 3692 (or

661 3703 956 3785 spirit).’
1035 3700 1122 3765 Of.
1172 3704 1229 3765 8.
1294 3703 1364 3765 τὸ
1433 3709 1728 3784 γεννάἷον.
1800 3703 1944 3765 569.
2009 3701 2080 3764 τὸ
2145 3701 2258 3765 σὸν
2324 3708 2622 3782 γενναῖον.
2702 3701 2819 3776 Qu.
2883 3708 2996 3764 τοῦ
3051 3726 3114 3764 τε

663 3793 947 3872 γενναίου
993 3792 1261 3873 τρόπου,
1310 3798 1420 3855 aut
1465 3793 1643 3854 ὄναιο
1690 3797 1925 3854 σαυτοῦ
1975 3828 2058 3836 -
2105 3792 2304 3873 χάριν.

845 3883 1030 3945 1045.
1080 3880 1482 3965 ἐπιστροφαί]
1539 3880 1877 3963 Impetus
1926 3881 2262 3945 hostiles
2343 3881 2433 3943 Cf.
2483 3881 2627 3942 537.
2682 3881 2934 3962 μυρίων
2981 3880 3110 3942 ἐπι-

663 3971 931 4052 στροφαὶ
975 3975 1219 4034 κακῶν.
1272 3971 1458 4033 Arist.
1513 3970 1695 4053 Vesp.
1747 3972 1892 4032 422.
1939 3976 2065 4040 πᾶς
2111 3970 2439 4052 ἐπίστρεφε
2480 3970 2488 4051 Ι
2533 3970 2737 4050 δεῦρο.

849 4061 1030 4124 1046.
1080 4058 1469 4142 χαλκοβόαν]
1519 4059 1723 4122 Schol.
1757 4061 2151 4142 στερεοβόαν,
2182 4059 2664 4141 μεγαλόφωνον.
2737 4058 2824 4121 Cf.
2859 4057 3113 4121 Hesiod.

661 4148 767 4211 Τ11.
819 4151 962 4213 770.
1003 4149 1226 4213 Ἀΐδεω
1272 4149 1434 4212 κύνα
1481 4148 1958 4230 χαλκεόφωνον.
2007 4146 2191 4210 Hom.
2241 4148 2310 4210 ΙΙ.
2363 4150 2418 4229 5,
2470 4151 2612 4210 785.

850 4240 1033 4301 1047.
1068 4240 1224 4320 Ἄρη
1273 4236 1581 4321 μίξουσιν]
1642 4236 1731 4300 Cf.
1783 4236 2014 4299 Herod.
2064 4237 2172 4299 IV.
2226 4238 2368 4299 127.
2421 4238 2879 4319 συμμίσγοιμεν
2926 4238 3005 4299 ἂν
3051 4236 3115 4306 ἐς

661 4328 877 4410 μάχην
921 4329 1086 4410 ὑμῖν.
1152 4327 1304 4391 ibid.
1368 4327 1680 4409 πρότερον
1748 4326 1816 4389 δὲ
1865 4364 1945 4372 --
1998 4327 2075 4389 οὐ
2123 4327 2520 4409 συμμίξομεν
2567 4351 2680 4389 σοι.
2731 4326 2904 4408 Virg.
2953 4328 3113 4389 Aen.

666 4415 809 4479 XII.
835 4419 979 4480 6⁶28.
1012 4416 1287 4501 ‘Ingruit
1322 4419 1570 4481 Aeneas
1601 4416 1780 4479 Italis
1812 4421 1875 4479 et
1907 4417 2141 4498 praelia
2175 4415 2433 4478 miscet?
2455 4415 2762 4478 X11.720.
2797 4416 2918 4477 ‘illi
2951 4416 3118 4477 inter

664 4525 801 4568 sese
848 4506 1048 4569 multa
1079 4508 1143 4569 vi
1178 4506 1443 4569 vulnera
1492 4506 1796 4569 miscent.'
1846 4504 2090 4568 Lucret.
2126 4505 2232 4567 IV.
2277 4506 2458 4567 1007.
2508 4505 2773 4587 ‘praelia
2811 4502 3115 4567 miscent.‘
