3463 5287
1416 445 1715 492 ‚mrteonn
2707 428 2791 493 69

338 607 453 689 μὲν
499 607 577 670 οὗ
625 607 924 680 καλεῖται,
981 608 1277 690 ἑρκεῖος
1334 605 1404 671 δὲ
1449 606 1557 670 καὶ
1603 607 1934 689 φράτριος,
1991 607 2098 671 καὶ
2144 607 2451 693 Ἀθηναίη
2500 608 2790 691 φρατρία.
2915 624 2922 631 “

339 696 611 760 Aristod.
661 697 739 762 de
787 696 1030 761 Mundo
1078 718 1133 780 p.
1183 697 1330 780 401,
1380 699 1482 759 21.
1540 694 1702 766 Ζεὺς
1757 696 2074 779 γενέθλιός
2127 721 2192 761 τε
2245 697 2353 761 καὶ
2398 699 2640 778 ἕρκειος
2684 697 2793 761 καὶ

338 787 651 868 ὁμόγνιος.
792 786 1000 869 Ζηνὸς
1045 784 1322 872 ἑρκείου]
1372 784 1457 849 Cf.
1491 787 1682 850 Arist.
1704 786 1801 850 Fr.
1826 788 1971 849 245.
2020 785 2231 869 Ζηνὸς
2261 788 2508 869 ἑρκείου
2539 788 2789 869 χύτρας.

339 875 568 939 Cratin.
618 878 769 939 min.
816 875 930 939 111.
967 876 1111 939 377.
1162 875 1324 946 Ζεὺς
1370 877 1492 959 ἔστι
1536 899 1650 958 μοι
1691 875 1700 956 Ι
1742 877 2000 957 ἑρκεῖος.
2079 875 2187 940 Sic
2229 876 2391 947 Ζεὺς
2437 876 2791 958 συγγένειος

336 964 509 1045 (Eur.
555 965 654 1029 Fr.
691 967 890 1045 988.),
936 966 1238 1048 ὁμόγνιος
1284 965 1455 1045 (Eur.
1488 965 1688 1030 Andr.
1725 966 1871 1029 922.
1906 965 2071 1049 ete),
2117 966 2398 1048 ἐφέστιος
2443 966 2565 1048 (Aj.
2599 967 2789 1049 492),

336 1056 579 1137 ὅρκιος,
654 1056 900 1137 ἀραῖος,
966 1056 1195 1138 φίλιος,
1243 1055 1547 1137 ἀγοραῖος
1602 1056 1854 1131 (Aesoh.
1903 1054 2085 1119 Eum.
2148 1056 2343 1137 905),
2413 1055 2788 1138 καθάρσιος,

332 1145 640 1227 ἑταιρήϊος
703 1144 956 1227 (Herod.
1003 1144 1052 1208 Ι.
1099 1146 1253 1227 44.),
1313 1145 1541 1228 μόριος
1589 1143 1682 1225 (Ο.
1718 1142 1780 1206 C.
1832 1145 2018 1225 705.).
2113 1145 2247 1208 Ara
2309 1143 2457 1215 Διὸς
2521 1145 2786 1228 ἑρμαίου

334 1235 399 1296 in
448 1234 662 1297 media
707 1234 894 1297 domo
943 1233 1159 1297 stabat„

513 1324 662 1386 488.
711 1324 831 1387 οὐκ
896 1323 1193 1397 ἀλύξετον
1254 1321 1498 1407 μόρου]
1574 1320 1661 1385 Cf.
1727 1322 1890 1387 Phil.
1956 1324 2152 1407 1044..
2219 1321 2472 1405 δοκοῒμ’
2536 1325 2617 1386 ἂν
2677 1329 2788 1406 τῆς

330 1413 527 1476 νόσου
573 1414 967 1495 πεφευγέναι.
1025 1412 1119 1475 El.
1168 1415 1312 1476 627.
1379 1413 1666 1495 θράσους
1706 1411 1715 1497 Ι
1755 1413 1931 1476 τοῦδ’
1989 1413 2109 1476 οὐκ
2165 1413 2426 1487 ἀλύξεις.
2489 1414 2588 1494 Aj.
2639 1414 2784 1477 656.

330 1501 482 1565 Eur.
533 1501 698 1566 Med.
752 1503 936 1566 1297.
982 1503 1184 1567 τῶνδε
1229 1502 1576 1584 φεύξεσθαι
1625 1501 1867 1584 δόμων.
1922 1502 2109 1566 Hom.
2160 1502 2274 1567 Od.
2323 1504 2426 1585 23,
2474 1502 2619 1565 286.
2667 1526 2783 1566 κα-

329 1596 470 1655 κῶν
541 1592 847 1666 ὑπάλυξιν
919 1592 1189 1656 ἔσεσθαι.
1266 1590 1416 1654 Eur.
1474 1591 1698 1655 Bacch.
1762 1593 1906 1654 734.
1981 1592 2374 1675 ἐξηλύξαμεν
2433 1591 2442 1672 Ι
2501 1591 2785 1675 Βακχῶν

329 1682 728 1763 σπαραγμόν.
776 1681 925 1745 Eur.
975 1679 1068 1744 El.
1118 1682 1262 1745 219.
1311 1680 1501 1764 Hipp.
1552 1682 1696 1744 673.
1767 1680 2185 1745 οΥπαλύσκειν
2230 1681 2399 1765 apud
2431 1682 2783 1746 Homerum

328 1791 461 1835 sem
470 1790 584 1854 per
629 1772 1057 1834 accusativum
1107 1771 1281 1853 regit.

510 1861 640 1923 489
674 1880 765 1943 sq.
814 1859 904 1923 Cf.
955 1860 1034 1923 ad
1084 1860 1230 1924 699.
1278 1859 1439 1922 Phil.
1489 1860 1590 1922 62.

509 1951 657 2013 489.
704 1950 811 2013 καὶ
858 1948 978 2032 γὰρ
1026 1947 1142 2014 οὗν
1192 1947 1306 2033 -]
1365 1948 1453 2012 Of.
1504 1950 1729 2014 Aesoh.
1780 1952 1895 2031 Ag.
1946 1952 2092 2012 524.
2140 1948 2274 2012 ἀλλ’
2322 1948 2392 2013 εὖ
2437 1973 2532 2013 νιν
2578 1950 2781 2013 ἀσπά-

325 2040 554 2102 σασθε·
620 2039 728 2103 καὶ
793 2039 913 2121 γὰρ
969 2037 1084 2102 οὖν
1147 2040 1386 2121 πρέπει.
1462 2039 1637 2102 Infra
1685 2040 1829 2101 771.
1887 2037 1956 2102 εὖ
2005 2038 2126 2120 γὰρ
2184 2037 2300 2103 οὖν
2345 2039 2555 2121 λέγεις.
2612 2038 2683 2104 Ο.
2719 2037 2781 2102 C.

329 2131 476 2191 980.
525 2130 604 2192 οὗ
661 2127 783 2210 γὰρ
830 2127 946 2192 οὖν
992 2129 1343 2211 σιγήσομαι.
1525 2127 1682 2211 ἴσον]
1742 2128 1890 2191 Sub.
1936 2129 2150 2210 μέρος.
2231 2127 2371 2191 Nisi
2417 2148 2642 2193 sensus
2689 2137 2784 2194 est

324 2219 628 2301 pariter.
707 2216 799 2281 Cf.
849 2217 996 2281 Eur.
1044 2215 1176 2281 Ion.
1231 2218 1416 2281 1363.
1465 2217 1605 2280 Hel.
1656 2218 1803 2280 801.

507 2308 654 2371 490.
701 2308 888 2371 τοῦδε
932 2307 1270 2391 βουλεῦσαι
1316 2305 1555 2389 τάφου]
1618 2305 1705 2370 Cf.
1755 2306 1920 2370 Xen.
1967 2307 2157 2390 Ages.
2204 2305 2253 2369 I.
2304 2308 2403 2370 33.
2467 2306 2538 2370 τὸ
2585 2310 2778 2371 αἰτιᾶ-

323 2398 479 2460 σθαι
511 2397 819 2479 ἀλλήλους
850 2402 959 2460 τοῦ
993 2398 1429 2479 γεγενημένου.
1506 2394 1631 2460 Sed
1665 2395 2113 2478 corrigendum
2151 2396 2568 2479 proculdubio
2602 2398 2782 2462 τόνδε

322 2486 664 2568 βουλεῦσαι
717 2487 938 2568 τάφον.
1017 2485 1106 2550 Cf.
1157 2484 1226 2549 Ο.
1259 2484 1331 2547 R.
1383 2486 1527 2549 645.
1593 2487 1656 2548 εἴ
1709 2486 1781 2548 σέ
1842 2509 1895 2547 τι
1954 2484 2214 2566 ὅέὅρακ’
2264 2522 2345 2530 —-
2397 2483 2492 2550 ῶν
2537 2487 2781 2569 ἐπαιτιᾷ

322 2600 405 2659 με
453 2577 630 2658 ὁρᾶν.
680 2575 772 2639 ΕΙ.
824 2575 970 2638 604.
1018 2577 1093 2638 ὃν
1140 2612 1224 2620 —
1269 2576 1353 2658 μέ
1397 2598 1497 2638 σοι
1541 2575 1791 2657 τρέφειν
1833 2574 2145 2657 μιάστορα
2186 2574 2194 2657 Ι
2237 2575 2569 2658 ἐπῃτιάσω.

506 2668 653 2729 492.
702 2666 1018 2749 ἐπήβολον
1064 2662 1343 2750 φρενῶν]
1391 2665 1437 2728 Ι.
1472 2685 1527 2747 q.
1577 2666 1853 2746 ἐπιτυχῆ.
1932 2663 2023 2728 Cf.
2061 2664 2158 2728 Fr.
2195 2665 2296 2727 95.
2344 2666 2464 2729 εἴθ’
2511 2664 2581 2730 εὖ
2613 2689 2778 2749 φρο-

324 2755 576 2837 νήσαντ’
634 2756 926 2837 εἶσίὸοιμί
974 2779 1118 2826 πως
1172 2754 1380 2836 (καὶΡ)
1427 2759 1685 2837 φρενῶν
1725 2756 1735 2837 Ι
1777 2753 2096 2837 ἐπήβολον
2140 2754 2360 2817 καλῶν
2406 2778 2490 2818 σε.
2553 2757 2777 2820 Aeseh.

324 2845 534 2908 Prom.
584 2846 731 2907 444.
779 2845 998 2914 ἔννους
1043 2844 1253 2927 ἐθηκά
1301 2847 1526 2926 (σφας)
1574 2843 1682 2907 καὶ
1727 2848 1987 2926 φρενῶν
2034 2843 2404 2926 ἐπηβόλους.
2462 2845 2581 2928 Ag.
2632 2847 2777 2909 528.

322 2941 593 3016 τερπνῆς
638 2933 742 3016 ἄρ’
790 2933 896 3016 ἦτε
940 2934 1133 3016 τῆσδ’·
1162 2934 1465 3016 ἐπήβολοι
1509 2933 1721 2996 νόσου.

204 3043 211 3050 ·
504 3024 649 3086 495.
696 3028 868 3105 μισῶ
918 3022 1033 3107 ——]
1083 3022 1172 3087 Cf.
1222 3022 1368 3085 Eur.
1418 3023 1517 3086 Fr.
1557 3023 1743 3086 1053.
1789 3027 1962 3104 μισῶ
2011 3023 2068 3085 δ’
2115 3022 2266 3084 ὅταν
2311 3046 2398 3092 τις
2443 3022 2550 3086 καὶ
2595 3025 2779 3105 (ὢνΡ)

320 3112 564 3195 χθονὸς
610 3113 1028 3196 στρατηλάτης
1069 3113 1078 3194 Ι
1116 3112 1207 3195 μὴ
1256 3117 1409 3175 πᾶσι
1453 3112 1712 3175 πάντων
1758 3112 2094 3194 προσφέρῃ
2141 3110 2527 3194 μειλίγματα.

502 3202 651 3265 496.
694 3209 879 3267 τοῦτο
943 3202 1268 3266 καλλύνειν
1330 3199 1522 3285 θέλῃ]
1591 3202 1910 3284 Antigone
1979 3203 2150 3264 enim
2216 3203 2527 3265 actionem
2595 3222 2778 3266 suam

320 3312 471 3354 cum
536 3292 785 3376 legibus
840 3292 1076 3355 divinis
1133 3310 1481 3374 congruere
1536 3289 1881 3375 profitetur.
1969 3289 2176 3354 Schol.
2218 3291 2402 3354 τοῦτό
2448 3314 2640 3374 φησιν
2685 3291 2778 3355 ὅτι

321 3381 563 3444 ἁλοῦσα
612 3383 651 3464 ἡ
691 3381 1006 3465 Ἀντιγόνη
1064 3382 1304 3464 ἔφασκε
1356 3389 1449 3462 τῷ
1495 3381 1654 3463 θείῳ
1701 3379 1887 3461 νόμῳ
1935 3379 2246 3462 ἐπαρκεῖν.
2427 3379 2776 3467 καλλύνειν]

321 3470 368 3535 Ι.
417 3489 469 3533 e.
516 3477 778 3553 κοσμεῖν
822 3470 994 3553 (Eur.
1045 3469 1241 3533 Andr.
1294 3471 1438 3533 956.
1486 3470 1618 3533 Ion.
1669 3470 1815 3532 832.
1861 3467 1998 3532 Tro.
2051 3470 2194 3532 975.
2243 3467 2405 3532 Med.
2456 3470 2641 3551 573).

502 3561 629 3623 497
665 3580 756 3644 sq.
804 3560 892 3624 Of.
943 3559 1013 3623 Ο.
1045 3558 1117 3624 R.
1167 3559 1294 3622 622
1328 3578 1420 3641 sq.
1586 3559 1984 3622 κατακτεῖναί
2023 3558 2093 3639 μ’
2140 3557 2327 3641 ἑλών]
2387 3558 2475 3623 Of.
2526 3559 2623 3641 Aj.
2674 3562 2778 3622 52.

320 3650 587 3713 κάὀόκει
634 3687 713 3696 ——
764 3649 1078 3732 Ἀτρείδας
1141 3649 1430 3731 αὐτόχειρ
1503 3650 1758 3712 κτείνειν
1830 3648 2009 3711 ἑλών.
2083 3647 2233 3711 Eur.
2284 3646 2386 3710 Or.
2441 3649 2625 3712 1229.
2697 3646 2774 3712 οὗ

320 3740 497 3803 θέλω
548 3739 834 3821 δάμαρθ’
881 3738 1044 3803 ἑλὼν
1084 3738 1093 3824 Ι
1133 3744 1378 3803 κτεῖναι.

500 3830 648 3892 498.
694 3827 859 3892 τοῦτ’
915 3830 1083 3911 ἔχων
1137 3828 1360 3891 ἅπαντ’
1416 3828 1580 3912 ἔχω]
1649 3827 1740 3892 Cf.
1791 3828 1938 3891 Eur.
1988 3825 2088 3889 Or.
2141 3828 2285 3890 749.
2349 3833 2532 3891 τοῦτο
2595 3828 2774 3890 πάντ’

319 3920 451 4000 ἔχω
496 3918 757 4000 μαθών.
819 3918 1007 3983 RheS.
1058 3918 1203 3982 605.
1267 3923 1490 3981 τοῦτον
1553 3918 1866 3988 κατακτὰς
1929 3917 2109 3979 πάντ’
2157 3918 2331 3998 ἔχεις.
2391 3918 2580 3980 Arist.
2629 3915 2773 3999 LyS.

322 4008 468 4071 929.
515 4008 642 4090 ἤδη
691 4007 870 4070 πάντ’
917 4009 1065 4090 ἔχω.
1131 4007 1366 4071 Herod.
1412 4007 1526 4071 III.
1577 4009 1676 4071 80.
1747 4009 1865 4071 δύο
1914 4006 1972 4069 δ’
2020 4008 2188 4088 ἔχων
2240 4011 2430 4069 ταῦτα
2480 4007 2604 4087 ἔχει
2649 4012 2773 4069 πᾶ-

320 4120 438 4160 σαν
482 4098 817 4180 κακότητα.
895 4096 1119 4161 Milton
1166 4094 1363 4160 Sams.
1413 4100 1530 4180 Ag.
1586 4099 1771 4160 1484.
1827 4097 1983 4160 ‘Not
2027 4096 2313 4178 wanting
2360 4096 2488 4158 him
2536 4095 2568 4159 I
2613 4096 2775 4159 shall

321 4193 489 4250 want
534 4185 841 4271 nothing.’

498 4276 646 4339 499.
693 4276 786 4346 ῶς
837 4313 915 4321 -
965 4276 1135 4340 οὕτω
1184 4275 1254 4339 δὲ
1298 4274 1406 4338 καὶ
1454 4275 1569 4361 -]
1618 4273 1706 4338 Cf.
1754 4278 1901 4339 424.

501 4366 645 4429 500.
695 4364 783 4429 Of.
836 4366 1090 4449 Antiph.
1144 4366 1288 4448 177,
1337 4367 1391 4427 3.
1460 4366 1537 4428 οὗ
1602 4365 1724 4447 γὰρ
1789 4364 1994 4428 κακὸν
2057 4364 2187 4443 ἔχω
2250 4363 2406 4445 μηδ’
2470 4362 2691 4445 ἔχοιμ’.

407 4451 693 4542 ἀρεστὸν]
741 4454 830 4519 Cf.
865 4454 934 4519 Ο.
957 4454 1027 4518 Β.
1067 4453 1255 4519 1097.
1305 4455 1403 4518 σοὶ
1452 4455 1521 4518 δὲ
1565 4457 1733 4518 ταῦτ’
1781 4451 1986 4536 ἀρέστ’
2020 4454 2130 4534 εἴη.
2181 4451 2336 4515 Plat.
2375 4450 2670 4515 Des..415
2696 4453 2774 4515 A.

322 4545 698 4629 θεράπευμα
763 4544 1026 4628 ἀρεστὸν
1089 4545 1245 4629 θεῷ.
1273 4598 1279 4605 .
1311 4542 1547 4609 Herod.
1605 4542 1715 4606 IV.
1780 4545 1920 4607 168.
1995 4543 2034 4624 ἢ
2103 4541 2173 4605 δὲ
2238 4543 2317 4605 ἂν
2379 4549 2472 4626 τῷ
2532 4541 2779 4627 βασιλέϊ
