<?xml version="1.0" encoding="UTF-8"?>
<!DOCTYPE html PUBLIC "-//W3C//DTD XHTML 1.0 Transitional//EN"
    "http://www.w3.org/TR/xhtml1/DTD/xhtml1-transitional.dtd">
<html xmlns="http://www.w3.org/1999/xhtml" xml:lang="en" lang="en">
 <head>
  <title>
</title>
<meta http-equiv="Content-Type" content="text/html;charset=utf-8" />
  <meta name='ocr-system' content='tesseract 3.04.00' />
  <meta name='ocr-capabilities' content='ocr_page ocr_carea ocr_par ocr_line ocrx_word'/>
</head>
<body>
  <div class='ocr_page' id='page_1' title='image "./spicilegiumsoph01blaygoog_0237.png"; bbox 0 0 3463 5287; ppageno 0'>
   <div class='ocr_carea' id='block_1_1' title="bbox 1291 432 2818 495">
    <p class='ocr_par' dir='ltr' id='par_1_1' title="bbox 1291 432 2818 495">
     <span class='ocr_line' id='line_1_1' title="bbox 1291 432 2818 495; baseline 0.003 -4"><span class='ocrx_word' id='word_1_1' title='bbox 1291 448 1541 493; x_wconf 65' lang='lat' dir='ltr'>emmens</span> <span class='ocrx_word' id='word_1_2' title='bbox 1587 447 1889 494; x_wconf 66' lang='lat' dir='ltr'>commus</span> <span class='ocrx_word' id='word_1_3' title='bbox 2690 432 2818 495; x_wconf 85' lang='lat'><strong><em>225</em></strong></span> 
     </span>
    </p>
   </div>
   <div class='ocr_carea' id='block_1_2' title="bbox 360 605 2822 4616">
    <p class='ocr_par' dir='ltr' id='par_1_2' title="bbox 360 605 2821 1044">
     <span class='ocr_line' id='line_1_2' title="bbox 554 605 2821 691; baseline 0.004 -25"><span class='ocrx_word' id='word_1_4' title='bbox 554 605 740 667; x_wconf 88' lang='lat'><strong>1048.</strong></span> <span class='ocrx_word' id='word_1_5' title='bbox 788 607 827 686; x_wconf 86' lang='grc' dir='ltr'><em>ἢ</em></span> <span class='ocrx_word' id='word_1_6' title='bbox 876 606 1193 688; x_wconf 78' lang='grc' dir='ltr'><strong><em>λαμπάσιν</em></strong></span> <span class='ocrx_word' id='word_1_7' title='bbox 1239 606 1487 691; x_wconf 84' lang='grc' dir='ltr'><strong><em>ἀκταῖς]</em></strong></span> <span class='ocrx_word' id='word_1_8' title='bbox 1554 607 1601 670; x_wconf 94' lang='grc' dir='ltr'><strong><em>Ι.</em></strong></span> <span class='ocrx_word' id='word_1_9' title='bbox 1649 627 1701 672; x_wconf 88' lang='lat' dir='ltr'>e.</span> <span class='ocrx_word' id='word_1_10' title='bbox 1768 610 1807 691; x_wconf 91' lang='grc' dir='ltr'><em>ἢ</em></span> <span class='ocrx_word' id='word_1_11' title='bbox 1865 607 2029 690; x_wconf 84' lang='grc' dir='ltr'><strong><em>πρὸς</em></strong></span> <span class='ocrx_word' id='word_1_12' title='bbox 2083 609 2401 691; x_wconf 79' lang='grc' dir='ltr'><strong><em>λαμπάσιν</em></strong></span> <span class='ocrx_word' id='word_1_13' title='bbox 2448 609 2689 684; x_wconf 83' lang='grc' dir='ltr'><strong><em>ἀκταῖς,</em></strong></span> <span class='ocrx_word' id='word_1_14' title='bbox 2750 617 2821 676; x_wconf 83' lang='lat' dir='ltr'><strong><em>ut</em></strong></span> 
     </span>
     <span class='ocr_line' id='line_1_3' title="bbox 367 693 2820 782; baseline 0.003 -27"><span class='ocrx_word' id='word_1_15' title='bbox 367 693 497 757; x_wconf 86' lang='grc' dir='ltr'><strong><em>ὖπό</em></strong></span> <span class='ocrx_word' id='word_1_16' title='bbox 559 717 623 757; x_wconf 88' lang='grc' dir='ltr'><strong><em>τε</em></strong></span> <span class='ocrx_word' id='word_1_17' title='bbox 687 700 805 757; x_wconf 88' lang='grc' dir='ltr'><strong><em>σοῦ</em></strong></span> <span class='ocrx_word' id='word_1_18' title='bbox 869 695 975 758; x_wconf 80' lang='grc' dir='ltr'><strong><em>καὶ</em></strong></span> <span class='ocrx_word' id='word_1_19' title='bbox 1040 696 1226 777; x_wconf 76' lang='grc' dir='ltr'><strong><em>ἐμοῦ,</em></strong></span> <span class='ocrx_word' id='word_1_20' title='bbox 1283 701 1349 759; x_wconf 84' lang='lat' dir='ltr'>et</span> <span class='ocrx_word' id='word_1_21' title='bbox 1410 697 1659 759; x_wconf 83' lang='lat' dir='ltr'>similia.</span> <span class='ocrx_word' id='word_1_22' title='bbox 1798 697 2142 782; x_wconf 81' lang='grc' dir='ltr'><strong><em>λαμπάσιν]</em></strong></span> <span class='ocrx_word' id='word_1_23' title='bbox 2197 699 2517 781; x_wconf 83' lang='grc' dir='ltr'><strong><em>λαμπάσιν</em></strong></span> <span class='ocrx_word' id='word_1_24' title='bbox 2563 700 2665 765; x_wconf 89' lang='lat' dir='ltr'><strong><em>hic</em></strong></span> <span class='ocrx_word' id='word_1_25' title='bbox 2712 699 2820 764; x_wconf 81' lang='lat' dir='ltr'><strong><em>ad·</em></strong></span> 
     </span>
     <span class='ocr_line' id='line_1_4' title="bbox 360 783 2821 873; baseline 0.002 -28"><span class='ocrx_word' id='word_1_26' title='bbox 360 783 594 865; x_wconf 85' lang='lat' dir='ltr'>jectivo</span> <span class='ocrx_word' id='word_1_27' title='bbox 651 801 844 847; x_wconf 88' lang='lat' dir='ltr'>sensu</span> <span class='ocrx_word' id='word_1_28' title='bbox 898 791 1254 868; x_wconf 82' lang='lat' dir='ltr'>usurpatur.</span> <span class='ocrx_word' id='word_1_29' title='bbox 1340 785 1545 850; x_wconf 89' lang='lat' dir='ltr'>Schol.</span> <span class='ocrx_word' id='word_1_30' title='bbox 1591 792 1722 856; x_wconf 87' lang='grc' dir='ltr'><strong><em>ταῖς</em></strong></span> <span class='ocrx_word' id='word_1_31' title='bbox 1767 786 2360 868; x_wconf 85' lang='grc' dir='ltr'><strong><em>λαμπαδευομέναις</em></strong></span> <span class='ocrx_word' id='word_1_32' title='bbox 2409 826 2490 835; x_wconf 92' lang='grc'>-</span> <span class='ocrx_word' id='word_1_33' title='bbox 2538 789 2666 853; x_wconf 80' lang='grc' dir='ltr'><strong><em>ὑπὸ</em></strong></span> <span class='ocrx_word' id='word_1_34' title='bbox 2712 796 2821 873; x_wconf 85' lang='grc' dir='ltr'><strong><em>τῆς</em></strong></span> 
     </span>
     <span class='ocr_line' id='line_1_5' title="bbox 365 872 2819 1026; baseline 0.004 -92"><span class='ocrx_word' id='word_1_35' title='bbox 365 878 670 1024; x_wconf 49' lang='grc' dir='ltr'><strong><em>μυσᾶξικτῆς</em></strong></span> <span class='ocrx_word' id='word_1_36' title='bbox 700 872 941 1026; x_wconf 62' lang='grc' dir='ltr'><strong><em>φλλογόἕ</em></strong></span> <span class='ocrx_word' id='word_1_37' title='bbox 970 875 1078 936; x_wconf 77' lang='grc' dir='ltr'><strong><em>καὶ</em></strong></span> <span class='ocrx_word' id='word_1_38' title='bbox 1114 879 1241 937; x_wconf 86' lang='grc' dir='ltr'><strong><em>τῶν</em></strong></span> <span class='ocrx_word' id='word_1_39' title='bbox 1287 875 1479 956; x_wconf 82' lang='grc' dir='ltr'><strong><em>ἱερῶν</em></strong></span> <span class='ocrx_word' id='word_1_40' title='bbox 1510 875 1746 956; x_wconf 86' lang='grc' dir='ltr'><strong><em>δᾴδων.</em></strong></span> <span class='ocrx_word' id='word_1_41' title='bbox 1884 875 2131 961; x_wconf 87' lang='grc' dir='ltr'><strong><em>ἀκταῖς]</em></strong></span> <span class='ocrx_word' id='word_1_42' title='bbox 2181 875 2383 941; x_wconf 72' lang='grc'><strong>801101.</strong></span> <span class='ocrx_word' id='word_1_43' title='bbox 2430 877 2561 942; x_wconf 84' lang='grc' dir='ltr'><strong><em>ἀπὸ</em></strong></span> <span class='ocrx_word' id='word_1_44' title='bbox 2598 885 2819 943; x_wconf 87' lang='grc' dir='ltr'><strong><em>κοινοῦ</em></strong></span> 
     </span>
     <span class='ocr_line' id='line_1_6' title="bbox 367 984 1023 1044; baseline 0.002 -21"><span class='ocrx_word' id='word_1_45' title='bbox 367 985 438 1024; x_wconf 90' lang='grc' dir='ltr'><strong><em>το</em></strong></span> <span class='ocrx_word' id='word_1_46' title='bbox 601 984 698 1032; x_wconf 89' lang='grc' dir='ltr'><strong><em>αις</em></strong></span> <span class='ocrx_word' id='word_1_47' title='bbox 779 985 902 1044; x_wconf 89' lang='grc' dir='ltr'><strong><em>ηπτ</em></strong></span> <span class='ocrx_word' id='word_1_48' title='bbox 936 986 1023 1025; x_wconf 92' lang='grc' dir='ltr'><strong><em>ον.</em></strong></span> 
     </span>
    </p>

    <p class='ocr_par' dir='ltr' id='par_1_3' title="bbox 368 1050 2819 1223">
     <span class='ocr_line' id='line_1_7' title="bbox 553 1050 2819 1137; baseline 0.003 -23"><span class='ocrx_word' id='word_1_49' title='bbox 553 1052 739 1114; x_wconf 87' lang='grc'><strong>1049.</strong></span> <span class='ocrx_word' id='word_1_50' title='bbox 784 1051 1058 1135; x_wconf 82' lang='grc' dir='ltr'><strong><em>πότνιαι]</em></strong></span> <span class='ocrx_word' id='word_1_51' title='bbox 1107 1050 1254 1115; x_wconf 81' lang='lat' dir='ltr'><strong>Sub.</strong></span> <span class='ocrx_word' id='word_1_52' title='bbox 1302 1053 1461 1116; x_wconf 78' lang='grc' dir='ltr'><strong><em>θεαί.</em></strong></span> <span class='ocrx_word' id='word_1_53' title='bbox 1540 1052 1632 1117; x_wconf 83' lang='lat' dir='ltr'><strong>Of.</strong></span> <span class='ocrx_word' id='word_1_54' title='bbox 1666 1055 1768 1116; x_wconf 86' lang='lat'><strong>84.</strong></span> <span class='ocrx_word' id='word_1_55' title='bbox 1816 1051 1875 1118; x_wconf 87' lang='grc' dir='ltr'><strong><em>ὦ</em></strong></span> <span class='ocrx_word' id='word_1_56' title='bbox 1920 1055 2163 1119; x_wconf 87' lang='grc' dir='ltr'><strong><em>πότνιαι</em></strong></span> <span class='ocrx_word' id='word_1_57' title='bbox 2211 1056 2514 1127; x_wconf 86' lang='grc' dir='ltr'><strong><em>δεινῶπες</em></strong></span> <span class='ocrx_word' id='word_1_58' title='bbox 2559 1057 2660 1137; x_wconf 84' lang='lat' dir='ltr'>(de</span> <span class='ocrx_word' id='word_1_59' title='bbox 2698 1057 2819 1122; x_wconf 85' lang='lat' dir='ltr'><strong><em>Fu-</em></strong></span> 
     </span>
     <span class='ocr_line' id='line_1_8' title="bbox 368 1138 1718 1223; baseline 0.003 -21"><span class='ocrx_word' id='word_1_60' title='bbox 368 1140 517 1220; x_wconf 90' lang='lat' dir='ltr'>riis).</span> <span class='ocrx_word' id='word_1_61' title='bbox 596 1138 1055 1223; x_wconf 82' lang='lat' dir='ltr'>Intelliguntur</span> <span class='ocrx_word' id='word_1_62' title='bbox 1100 1140 1292 1206; x_wconf 86' lang='lat' dir='ltr'>Ceres</span> <span class='ocrx_word' id='word_1_63' title='bbox 1340 1148 1403 1205; x_wconf 87' lang='lat' dir='ltr'>et</span> <span class='ocrx_word' id='word_1_64' title='bbox 1452 1142 1718 1206; x_wconf 82' lang='lat' dir='ltr'>Libera?</span> 
     </span>
    </p>

    <p class='ocr_par' dir='ltr' id='par_1_4' title="bbox 366 1230 2820 1581">
     <span class='ocr_line' id='line_1_9' title="bbox 552 1230 2819 1319; baseline 0.004 -29"><span class='ocrx_word' id='word_1_65' title='bbox 552 1230 738 1292; x_wconf 89' lang='grc'><strong>1050.</strong></span> <span class='ocrx_word' id='word_1_66' title='bbox 785 1230 1216 1315; x_wconf 78' lang='grc' dir='ltr'><strong><em>τιθηνοῦνται]</em></strong></span> <span class='ocrx_word' id='word_1_67' title='bbox 1293 1230 1608 1315; x_wconf 81' lang='lat' dir='ltr'>Fovent‚</span> <span class='ocrx_word' id='word_1_68' title='bbox 1673 1239 1959 1298; x_wconf 81' lang='lat' dir='ltr'>curant.</span> <span class='ocrx_word' id='word_1_69' title='bbox 2039 1233 2127 1298; x_wconf 83' lang='lat' dir='ltr'><strong>Cf.</strong></span> <span class='ocrx_word' id='word_1_70' title='bbox 2177 1235 2323 1297; x_wconf 86' lang='lat'><strong>480.</strong></span> <span class='ocrx_word' id='word_1_71' title='bbox 2397 1235 2663 1319; x_wconf 83' lang='lat' dir='ltr'>Anglice</span> <span class='ocrx_word' id='word_1_72' title='bbox 2709 1236 2819 1299; x_wconf 88' lang='lat' dir='ltr'><strong><em>fo-</em></strong></span> 
     </span>
     <span class='ocr_line' id='line_1_10' title="bbox 367 1317 2818 1406; baseline 0.003 -26"><span class='ocrx_word' id='word_1_73' title='bbox 367 1324 547 1401; x_wconf 84' lang='lat' dir='ltr'>ster,</span> <span class='ocrx_word' id='word_1_74' title='bbox 612 1319 867 1382; x_wconf 82' lang='lat' dir='ltr'>attend</span> <span class='ocrx_word' id='word_1_75' title='bbox 934 1326 1023 1383; x_wconf 91' lang='lat' dir='ltr'><strong><em>to.</em></strong></span> <span class='ocrx_word' id='word_1_76' title='bbox 1204 1317 1376 1406; x_wconf 84' lang='grc' dir='ltr'><strong><em>τέλη]</em></strong></span> <span class='ocrx_word' id='word_1_77' title='bbox 1442 1321 1645 1385; x_wconf 88' lang='lat' dir='ltr'>Schol.</span> <span class='ocrx_word' id='word_1_78' title='bbox 1692 1322 1947 1392; x_wconf 86' lang='grc' dir='ltr'><strong><em>τελετάς.</em></strong></span> <span class='ocrx_word' id='word_1_79' title='bbox 2026 1320 2115 1386; x_wconf 86' lang='lat' dir='ltr'><strong>Cf.</strong></span> <span class='ocrx_word' id='word_1_80' title='bbox 2169 1324 2394 1387; x_wconf 85' lang='lat' dir='ltr'>Aesch.</span> <span class='ocrx_word' id='word_1_81' title='bbox 2451 1324 2623 1389; x_wconf 88' lang='lat' dir='ltr'>Pers.</span> <span class='ocrx_word' id='word_1_82' title='bbox 2673 1326 2818 1388; x_wconf 88' lang='grc'><strong>204.</strong></span> 
     </span>
     <span class='ocr_line' id='line_1_11' title="bbox 368 1406 2820 1495; baseline 0.003 -26"><span class='ocrx_word' id='word_1_83' title='bbox 368 1406 780 1490; x_wconf 84' lang='grc' dir='ltr'><strong><em>ἀποτρόποισι</em></strong></span> <span class='ocrx_word' id='word_1_84' title='bbox 846 1407 1136 1490; x_wconf 78' lang='grc' dir='ltr'><strong><em>δαίμοσιν</em></strong></span> <span class='ocrx_word' id='word_1_85' title='bbox 1178 1446 1259 1455; x_wconf 84' lang='grc'><strong>-</strong></span> <span class='ocrx_word' id='word_1_86' title='bbox 1301 1407 1398 1474; x_wconf 84' lang='grc' dir='ltr'><strong><em>ὧν</em></strong></span> <span class='ocrx_word' id='word_1_87' title='bbox 1451 1410 1588 1492; x_wconf 83' lang='grc' dir='ltr'><strong><em>τέλη</em></strong></span> <span class='ocrx_word' id='word_1_88' title='bbox 1654 1411 1819 1475; x_wconf 86' lang='grc' dir='ltr'><strong><em>τάδε.</em></strong></span> <span class='ocrx_word' id='word_1_89' title='bbox 1898 1412 1992 1474; x_wconf 84' lang='lat' dir='ltr'><strong>Fr.</strong></span> <span class='ocrx_word' id='word_1_90' title='bbox 2045 1413 2189 1475; x_wconf 87' lang='grc'><strong>384.</strong></span> <span class='ocrx_word' id='word_1_91' title='bbox 2255 1412 2485 1494; x_wconf 76' lang='grc' dir='ltr'><strong><em>ἔφριξ’·</em></strong></span> <span class='ocrx_word' id='word_1_92' title='bbox 2551 1416 2684 1495; x_wconf 73' lang='grc' dir='ltr'><strong><em>ἐρῶ</em></strong></span> <span class='ocrx_word' id='word_1_93' title='bbox 2751 1414 2820 1477; x_wconf 81' lang='grc' dir='ltr'><strong><em>δὲ</em></strong></span> 
     </span>
     <span class='ocr_line' id='line_1_12' title="bbox 366 1496 1591 1581; baseline 0.002 -23"><span class='ocrx_word' id='word_1_94' title='bbox 366 1498 553 1560; x_wconf 86' lang='grc' dir='ltr'><strong><em>τοῦδε</em></strong></span> <span class='ocrx_word' id='word_1_95' title='bbox 595 1503 904 1579; x_wconf 84' lang='grc' dir='ltr'><strong><em>μυστικοῦ</em></strong></span> <span class='ocrx_word' id='word_1_96' title='bbox 948 1498 1163 1569; x_wconf 87' lang='grc' dir='ltr'><strong><em>τέλους</em></strong></span> <span class='ocrx_word' id='word_1_97' title='bbox 1207 1500 1316 1580; x_wconf 82' lang='lat' dir='ltr'>(ita</span> <span class='ocrx_word' id='word_1_98' title='bbox 1361 1496 1591 1581; x_wconf 89' lang='lat' dir='ltr'><strong>Dind.).</strong></span> 
     </span>
    </p>

    <p class='ocr_par' dir='ltr' id='par_1_5' title="bbox 367 1587 2822 1940">
     <span class='ocr_line' id='line_1_13' title="bbox 555 1587 2820 1676; baseline 0.003 -28"><span class='ocrx_word' id='word_1_99' title='bbox 555 1587 736 1649; x_wconf 86' lang='grc'><strong>1051.</strong></span> <span class='ocrx_word' id='word_1_100' title='bbox 784 1588 1019 1669; x_wconf 87' lang='grc' dir='ltr'><strong><em>χρυσέα</em></strong></span> <span class='ocrx_word' id='word_1_101' title='bbox 1066 1587 1222 1670; x_wconf 84' lang='grc' dir='ltr'><strong><em>κλῂς</em></strong></span> <span class='ocrx_word' id='word_1_102' title='bbox 1274 1587 1386 1671; x_wconf 92' lang='grc'><strong><em>-]</em></strong></span> <span class='ocrx_word' id='word_1_103' title='bbox 1445 1587 1533 1652; x_wconf 88' lang='lat' dir='ltr'><strong>Cf.</strong></span> <span class='ocrx_word' id='word_1_104' title='bbox 1585 1590 1810 1653; x_wconf 85' lang='lat' dir='ltr'>Aescb.</span> <span class='ocrx_word' id='word_1_105' title='bbox 1860 1591 1977 1673; x_wconf 87' lang='lat' dir='ltr'><strong><em>Ag.</em></strong></span> <span class='ocrx_word' id='word_1_106' title='bbox 2028 1590 2127 1653; x_wconf 89' lang='lat'><strong><em>35.</em></strong></span> <span class='ocrx_word' id='word_1_107' title='bbox 2184 1590 2258 1653; x_wconf 84' lang='grc' dir='ltr'><strong><em>τὰ</em></strong></span> <span class='ocrx_word' id='word_1_108' title='bbox 2316 1589 2373 1653; x_wconf 88' lang='grc' dir='ltr'><strong><em>δ’</em></strong></span> <span class='ocrx_word' id='word_1_109' title='bbox 2430 1591 2584 1655; x_wconf 79' lang='grc' dir='ltr'><strong><em>ἄλλα</em></strong></span> <span class='ocrx_word' id='word_1_110' title='bbox 2633 1597 2820 1676; x_wconf 71' lang='grc' dir='ltr'><strong><em>σιγᾶν</em></strong></span> 
     </span>
     <span class='ocr_line' id='line_1_14' title="bbox 367 1676 2822 1764; baseline 0.003 -27"><span class='ocrx_word' id='word_1_111' title='bbox 367 1676 525 1757; x_wconf 83' lang='grc' dir='ltr'><strong><em>βοῦς</em></strong></span> <span class='ocrx_word' id='word_1_112' title='bbox 587 1676 688 1739; x_wconf 73' lang='grc' dir='ltr'><strong><em>ἐπὶ</em></strong></span> <span class='ocrx_word' id='word_1_113' title='bbox 754 1677 1005 1759; x_wconf 82' lang='grc' dir='ltr'><strong><em>γλώσσῃ</em></strong></span> <span class='ocrx_word' id='word_1_114' title='bbox 1061 1678 1261 1759; x_wconf 82' lang='grc' dir='ltr'><strong><em>μέγας</em></strong></span> <span class='ocrx_word' id='word_1_115' title='bbox 1301 1678 1309 1759; x_wconf 84' lang='grc' dir='ltr'>Ι</span> <span class='ocrx_word' id='word_1_116' title='bbox 1348 1678 1638 1760; x_wconf 81' lang='grc' dir='ltr'><strong><em>βέβηκεν.</em></strong></span> <span class='ocrx_word' id='word_1_117' title='bbox 1704 1678 1803 1741; x_wconf 79' lang='lat' dir='ltr'><strong>Fr.</strong></span> <span class='ocrx_word' id='word_1_118' title='bbox 1855 1678 1999 1741; x_wconf 89' lang='grc'><strong>307.</strong></span> <span class='ocrx_word' id='word_1_119' title='bbox 2065 1679 2199 1743; x_wconf 87' lang='grc' dir='ltr'><strong><em>ἀλλ’</em></strong></span> <span class='ocrx_word' id='word_1_120' title='bbox 2247 1681 2368 1743; x_wconf 80' lang='grc' dir='ltr'><strong><em>ἔστι</em></strong></span> <span class='ocrx_word' id='word_1_121' title='bbox 2422 1680 2620 1762; x_wconf 82' lang='grc' dir='ltr'><strong><em>κάμοὶ</em></strong></span> <span class='ocrx_word' id='word_1_122' title='bbox 2665 1681 2822 1764; x_wconf 85' lang='grc' dir='ltr'><strong><em>κλῂς</em></strong></span> 
     </span>
     <span class='ocr_line' id='line_1_15' title="bbox 369 1764 2819 1853; baseline 0.003 -27"><span class='ocrx_word' id='word_1_123' title='bbox 369 1764 467 1826; x_wconf 77' lang='grc' dir='ltr'><strong><em>ἐπὶ</em></strong></span> <span class='ocrx_word' id='word_1_124' title='bbox 516 1765 768 1847; x_wconf 81' lang='grc' dir='ltr'><strong><em>γλώσσῃ</em></strong></span> <span class='ocrx_word' id='word_1_125' title='bbox 816 1765 1040 1846; x_wconf 81' lang='grc' dir='ltr'><strong><em>φύλαξ.</em></strong></span> <span class='ocrx_word' id='word_1_126' title='bbox 1087 1765 1360 1848; x_wconf 82' lang='lat' dir='ltr'>Theogn.</span> <span class='ocrx_word' id='word_1_127' title='bbox 1396 1768 1542 1829; x_wconf 87' lang='lat'><strong>813.</strong></span> <span class='ocrx_word' id='word_1_128' title='bbox 1589 1768 1749 1849; x_wconf 83' lang='grc' dir='ltr'><strong><em>βοῦς</em></strong></span> <span class='ocrx_word' id='word_1_129' title='bbox 1793 1790 1905 1850; x_wconf 90' lang='grc' dir='ltr'><strong><em>μοι</em></strong></span> <span class='ocrx_word' id='word_1_130' title='bbox 1951 1768 2051 1831; x_wconf 79' lang='grc' dir='ltr'><strong><em>ἐπὶ</em></strong></span> <span class='ocrx_word' id='word_1_131' title='bbox 2099 1769 2386 1851; x_wconf 85' lang='grc' dir='ltr'><strong><em>γλώσσης</em></strong></span> <span class='ocrx_word' id='word_1_132' title='bbox 2433 1769 2500 1849; x_wconf 90' lang='lat' dir='ltr'><strong><em>(l.</em></strong></span> <span class='ocrx_word' id='word_1_133' title='bbox 2534 1771 2819 1853; x_wconf 84' lang='grc' dir='ltr'><strong><em>γλώσσῃ)</em></strong></span> 
     </span>
     <span class='ocr_line' id='line_1_16' title="bbox 368 1854 2818 1940; baseline 0.003 -26"><span class='ocrx_word' id='word_1_134' title='bbox 368 1861 659 1936; x_wconf 78' lang='grc' dir='ltr'><strong><em>κρατερῷ</em></strong></span> <span class='ocrx_word' id='word_1_135' title='bbox 720 1855 873 1918; x_wconf 83' lang='grc' dir='ltr'><strong><em>ποδὶ</em></strong></span> <span class='ocrx_word' id='word_1_136' title='bbox 927 1854 1045 1928; x_wconf 79' lang='grc' dir='ltr'><strong><em>λὰξ</em></strong></span> <span class='ocrx_word' id='word_1_137' title='bbox 1099 1856 1439 1938; x_wconf 75' lang='grc' dir='ltr'><strong><em>ἐπιβαίνων</em></strong></span> <span class='ocrx_word' id='word_1_138' title='bbox 1480 1856 1488 1937; x_wconf 93' lang='grc' dir='ltr'>Ι</span> <span class='ocrx_word' id='word_1_139' title='bbox 1538 1857 1689 1939; x_wconf 81' lang='grc' dir='ltr'><strong><em>ἴσχει</em></strong></span> <span class='ocrx_word' id='word_1_140' title='bbox 1747 1856 2064 1921; x_wconf 86' lang='grc' dir='ltr'><strong><em>κωτίλλειν</em></strong></span> <span class='ocrx_word' id='word_1_141' title='bbox 2116 1858 2344 1939; x_wconf 85' lang='grc' dir='ltr'><strong><em>καίπερ</em></strong></span> <span class='ocrx_word' id='word_1_142' title='bbox 2392 1859 2818 1940; x_wconf 78' lang='grc' dir='ltr'><strong><em>ἐπιστάμενον.</em></strong></span> 
     </span>
    </p>

    <p class='ocr_par' dir='ltr' id='par_1_6' title="bbox 458 1940 2818 2031">
     <span class='ocr_line' id='line_1_17' title="bbox 458 1940 2818 2031; baseline 0.003 -27"><span class='ocrx_word' id='word_1_143' title='bbox 458 1940 727 2026; x_wconf 88' lang='grc' dir='ltr'><strong><em>χρυσέα]</em></strong></span> <span class='ocrx_word' id='word_1_144' title='bbox 776 1942 823 2005; x_wconf 93' lang='grc' dir='ltr'><strong>Ι.</strong></span> <span class='ocrx_word' id='word_1_145' title='bbox 858 1963 909 2008; x_wconf 84' lang='grc'><strong><em>0.</em></strong></span> <span class='ocrx_word' id='word_1_146' title='bbox 958 1964 1198 2026; x_wconf 79' lang='lat' dir='ltr'>sacra,</span> <span class='ocrx_word' id='word_1_147' title='bbox 1249 1945 1527 2008; x_wconf 83' lang='lat' dir='ltr'>divina.</span> <span class='ocrx_word' id='word_1_148' title='bbox 1595 1946 1701 2008; x_wconf 82' lang='grc'><strong><em>810</em></strong></span> <span class='ocrx_word' id='word_1_149' title='bbox 1730 1944 1828 2008; x_wconf 83' lang='lat' dir='ltr'><strong>Fr.</strong></span> <span class='ocrx_word' id='word_1_150' title='bbox 1867 1946 2010 2009; x_wconf 84' lang='lat'><strong>767.</strong></span> <span class='ocrx_word' id='word_1_151' title='bbox 2042 1953 2248 2030; x_wconf 85' lang='grc' dir='ltr'><strong><em>χρυσῇ</em></strong></span> <span class='ocrx_word' id='word_1_152' title='bbox 2278 1947 2558 2031; x_wconf 84' lang='grc' dir='ltr'><strong><em>μακέλλῃ</em></strong></span> <span class='ocrx_word' id='word_1_153' title='bbox 2594 1946 2818 2031; x_wconf 91' lang='grc' dir='ltr'><strong><em>Ζηνός.</em></strong></span> 
     </span>
    </p>

    <p class='ocr_par' dir='ltr' id='par_1_7' title="bbox 368 2031 2817 2204">
     <span class='ocr_line' id='line_1_18' title="bbox 552 2031 2817 2120; baseline 0.003 -27"><span class='ocrx_word' id='word_1_154' title='bbox 552 2033 736 2094; x_wconf 92' lang='grc'><strong>1052.</strong></span> <span class='ocrx_word' id='word_1_155' title='bbox 784 2031 972 2116; x_wconf 83' lang='grc' dir='ltr'><strong><em>κλῂς]</em></strong></span> <span class='ocrx_word' id='word_1_156' title='bbox 1050 2031 1139 2097; x_wconf 85' lang='lat' dir='ltr'><strong>Cf.</strong></span> <span class='ocrx_word' id='word_1_157' title='bbox 1197 2035 1344 2096; x_wconf 88' lang='lat' dir='ltr'><strong>Ant.</strong></span> <span class='ocrx_word' id='word_1_158' title='bbox 1412 2034 1548 2096; x_wconf 90' lang='grc'><strong>180.</strong></span> <span class='ocrx_word' id='word_1_159' title='bbox 1599 2035 1744 2098; x_wconf 91' lang='grc'><strong>505.</strong></span> <span class='ocrx_word' id='word_1_160' title='bbox 1924 2035 2193 2120; x_wconf 83' lang='grc' dir='ltr'><strong><em>βέβακε]</em></strong></span> <span class='ocrx_word' id='word_1_161' title='bbox 2270 2037 2543 2120; x_wconf 86' lang='lat' dir='ltr'>Anglice</span> <span class='ocrx_word' id='word_1_162' title='bbox 2608 2045 2817 2101; x_wconf 85' lang='lat' dir='ltr'>rests.</span> 
     </span>
     <span class='ocr_line' id='line_1_19' title="bbox 368 2118 1795 2204; baseline 0.001 -22"><span class='ocrx_word' id='word_1_163' title='bbox 368 2118 607 2183; x_wconf 82' lang='lat' dir='ltr'>Eodem</span> <span class='ocrx_word' id='word_1_164' title='bbox 656 2121 786 2184; x_wconf 86' lang='lat' dir='ltr'>fere</span> <span class='ocrx_word' id='word_1_165' title='bbox 832 2141 1023 2185; x_wconf 88' lang='lat' dir='ltr'>sensu</span> <span class='ocrx_word' id='word_1_166' title='bbox 1075 2141 1200 2204; x_wconf 90' lang='lat' dir='ltr'><strong><em>quo</em></strong></span> <span class='ocrx_word' id='word_1_167' title='bbox 1247 2124 1385 2185; x_wconf 84' lang='grc' dir='ltr'><strong><em>ἔστι.</em></strong></span> <span class='ocrx_word' id='word_1_168' title='bbox 1464 2121 1555 2187; x_wconf 78' lang='lat' dir='ltr'><strong>Cf.</strong></span> <span class='ocrx_word' id='word_1_169' title='bbox 1610 2123 1795 2187; x_wconf 85' lang='grc'><strong>1684.</strong></span> 
     </span>
    </p>

    <p class='ocr_par' dir='ltr' id='par_1_8' title="bbox 366 2209 2818 2474">
     <span class='ocr_line' id='line_1_20' title="bbox 553 2209 2816 2299; baseline 0.004 -27"><span class='ocrx_word' id='word_1_170' title='bbox 553 2210 737 2273; x_wconf 87' lang='grc'><strong>1054.</strong></span> <span class='ocrx_word' id='word_1_171' title='bbox 785 2209 1164 2294; x_wconf 82' lang='grc' dir='ltr'><strong><em>ἔγρεμάχαν]</em></strong></span> <span class='ocrx_word' id='word_1_172' title='bbox 1223 2211 1327 2275; x_wconf 87' lang='grc'><strong><em>810</em></strong></span> <span class='ocrx_word' id='word_1_173' title='bbox 1383 2212 1759 2295; x_wconf 84' lang='grc' dir='ltr'><strong><em>δπλομάχης</em></strong></span> <span class='ocrx_word' id='word_1_174' title='bbox 1804 2212 1961 2277; x_wconf 70' lang='lat' dir='ltr'>Plat.</span> <span class='ocrx_word' id='word_1_175' title='bbox 2011 2213 2284 2297; x_wconf 80' lang='lat' dir='ltr'>Euthyd.</span> <span class='ocrx_word' id='word_1_176' title='bbox 2335 2217 2480 2278; x_wconf 88' lang='grc'><strong>299.</strong></span> <span class='ocrx_word' id='word_1_177' title='bbox 2527 2218 2816 2299; x_wconf 87' lang='grc' dir='ltr'><strong><em>τειχομά-</em></strong></span> 
     </span>
     <span class='ocr_line' id='line_1_21' title="bbox 367 2299 2818 2389; baseline 0.004 -29"><span class='ocrx_word' id='word_1_178' title='bbox 367 2321 484 2381; x_wconf 87' lang='grc' dir='ltr'><strong><em>χας</em></strong></span> <span class='ocrx_word' id='word_1_179' title='bbox 532 2300 721 2364; x_wconf 82' lang='lat' dir='ltr'>Arist.</span> <span class='ocrx_word' id='word_1_180' title='bbox 756 2301 912 2363; x_wconf 89' lang='lat' dir='ltr'>Ach.</span> <span class='ocrx_word' id='word_1_181' title='bbox 948 2301 1092 2364; x_wconf 84' lang='lat'><strong>570.</strong></span> <span class='ocrx_word' id='word_1_182' title='bbox 1171 2299 1446 2363; x_wconf 84' lang='lat' dir='ltr'>Palladis</span> <span class='ocrx_word' id='word_1_183' title='bbox 1478 2302 1823 2385; x_wconf 84' lang='lat' dir='ltr'>epithetum</span> <span class='ocrx_word' id='word_1_184' title='bbox 1870 2307 1965 2365; x_wconf 87' lang='lat' dir='ltr'>est</span> <span class='ocrx_word' id='word_1_185' title='bbox 2008 2303 2328 2386; x_wconf 81' lang='grc' dir='ltr'><strong><em>ἐγρεμάχη</em></strong></span> <span class='ocrx_word' id='word_1_186' title='bbox 2376 2305 2818 2389; x_wconf 77' lang='grc' dir='ltr'><strong><em>(ἕγρεμάχηςΡ)</em></strong></span> 
     </span>
     <span class='ocr_line' id='line_1_22' title="bbox 366 2386 2228 2474; baseline 0.002 -24"><span class='ocrx_word' id='word_1_187' title='bbox 366 2386 553 2450; x_wconf 90' lang='lat' dir='ltr'>Hom.</span> <span class='ocrx_word' id='word_1_188' title='bbox 603 2387 683 2449; x_wconf 88' lang='lat' dir='ltr'><strong><em>H.</em></strong></span> <span class='ocrx_word' id='word_1_189' title='bbox 736 2389 808 2452; x_wconf 89' lang='lat' dir='ltr'><strong><em>V.</em></strong></span> <span class='ocrx_word' id='word_1_190' title='bbox 856 2392 1001 2452; x_wconf 87' lang='lat'><strong>424.</strong></span> <span class='ocrx_word' id='word_1_191' title='bbox 1084 2388 1315 2453; x_wconf 82' lang='lat' dir='ltr'>Confer</span> <span class='ocrx_word' id='word_1_192' title='bbox 1360 2391 1707 2473; x_wconf 82' lang='lat' dir='ltr'>epithetum</span> <span class='ocrx_word' id='word_1_193' title='bbox 1757 2391 2228 2474; x_wconf 78' lang='grc' dir='ltr'><strong><em>έγρεκύδοιμος.</em></strong></span> 
     </span>
    </p>

    <p class='ocr_par' dir='ltr' id='par_1_9' title="bbox 369 2477 2820 2742">
     <span class='ocr_line' id='line_1_23' title="bbox 552 2477 2820 2567; baseline 0.004 -28"><span class='ocrx_word' id='word_1_194' title='bbox 552 2478 736 2540; x_wconf 91' lang='grc'><strong>1055.</strong></span> <span class='ocrx_word' id='word_1_195' title='bbox 786 2477 1137 2562; x_wconf 88' lang='grc' dir='ltr'><strong><em>διστόλους]</em></strong></span> <span class='ocrx_word' id='word_1_196' title='bbox 1205 2478 1250 2540; x_wconf 94' lang='grc' dir='ltr'><strong><em>Ι.</em></strong></span> <span class='ocrx_word' id='word_1_197' title='bbox 1302 2499 1357 2561; x_wconf 93' lang='lat' dir='ltr'><strong><em>q.</em></strong></span> <span class='ocrx_word' id='word_1_198' title='bbox 1408 2479 1648 2554; x_wconf 78' lang='grc' dir='ltr'><strong><em>δισσὰς,</em></strong></span> <span class='ocrx_word' id='word_1_199' title='bbox 1714 2486 1788 2544; x_wconf 85' lang='lat' dir='ltr'><strong><em>ut</em></strong></span> <span class='ocrx_word' id='word_1_200' title='bbox 1842 2480 2151 2555; x_wconf 83' lang='grc' dir='ltr'><strong><em>οῑόζωνος</em></strong></span> <span class='ocrx_word' id='word_1_201' title='bbox 2205 2502 2318 2565; x_wconf 89' lang='lat' dir='ltr'><strong><em>pro</em></strong></span> <span class='ocrx_word' id='word_1_202' title='bbox 2366 2482 2635 2567; x_wconf 83' lang='lat' dir='ltr'>simplici</span> <span class='ocrx_word' id='word_1_203' title='bbox 2686 2482 2820 2554; x_wconf 81' lang='grc' dir='ltr'><strong><em>οἶος</em></strong></span> 
     </span>
     <span class='ocr_line' id='line_1_24' title="bbox 369 2564 2817 2657; baseline 0.003 -29"><span class='ocrx_word' id='word_1_204' title='bbox 369 2568 627 2649; x_wconf 84' lang='lat' dir='ltr'>ponitur</span> <span class='ocrx_word' id='word_1_205' title='bbox 674 2564 743 2629; x_wconf 93' lang='grc' dir='ltr'><strong><em>Ο.</em></strong></span> <span class='ocrx_word' id='word_1_206' title='bbox 776 2565 846 2628; x_wconf 90' lang='lat' dir='ltr'><strong>R.</strong></span> <span class='ocrx_word' id='word_1_207' title='bbox 897 2567 1043 2630; x_wconf 86' lang='grc'><strong>846.</strong></span> <span class='ocrx_word' id='word_1_208' title='bbox 1122 2566 1228 2631; x_wconf 86' lang='lat' dir='ltr'><strong><em>Sic</em></strong></span> <span class='ocrx_word' id='word_1_209' title='bbox 1275 2568 1622 2651; x_wconf 83' lang='grc' dir='ltr'><strong><em>ὁμόστολος</em></strong></span> <span class='ocrx_word' id='word_1_210' title='bbox 1670 2568 1741 2633; x_wconf 93' lang='grc' dir='ltr'><strong><em>Ο.</em></strong></span> <span class='ocrx_word' id='word_1_211' title='bbox 1773 2569 1844 2634; x_wconf 89' lang='lat' dir='ltr'><strong>R.</strong></span> <span class='ocrx_word' id='word_1_212' title='bbox 1895 2570 2040 2633; x_wconf 91' lang='grc'><strong>202.</strong></span> <span class='ocrx_word' id='word_1_213' title='bbox 2191 2571 2488 2654; x_wconf 84' lang='grc' dir='ltr'><strong><em>αὕτάρκει</em></strong></span> <span class='ocrx_word' id='word_1_214' title='bbox 2536 2609 2619 2619; x_wconf 87' lang='grc'><strong>-</strong></span> <span class='ocrx_word' id='word_1_215' title='bbox 2665 2572 2817 2657; x_wconf 80' lang='grc' dir='ltr'><strong><em>βοᾷ]</em></strong></span> 
     </span>
     <span class='ocr_line' id='line_1_25' title="bbox 370 2656 2177 2742; baseline 0.004 -24"><span class='ocrx_word' id='word_1_216' title='bbox 370 2656 637 2739; x_wconf 82' lang='lat' dir='ltr'>Anglice</span> <span class='ocrx_word' id='word_1_217' title='bbox 684 2657 857 2720; x_wconf 82' lang='lat' dir='ltr'><strong><em>with</em></strong></span> <span class='ocrx_word' id='word_1_218' title='bbox 907 2678 945 2720; x_wconf 85' lang='lat' dir='ltr'><strong>a</strong></span> <span class='ocrx_word' id='word_1_219' title='bbox 990 2658 1419 2722; x_wconf 81' lang='lat' dir='ltr'>successful</span> <span class='ocrx_word' id='word_1_220' title='bbox 1467 2660 1899 2742; x_wconf 81' lang='lat' dir='ltr'>(adequate)</span> <span class='ocrx_word' id='word_1_221' title='bbox 1947 2666 2177 2725; x_wconf 85' lang='lat' dir='ltr'>onset.</span> 
     </span>
    </p>

    <p class='ocr_par' dir='ltr' id='par_1_10' title="bbox 370 2745 2816 3007">
     <span class='ocr_line' id='line_1_26' title="bbox 549 2745 2816 2832; baseline 0.004 -25"><span class='ocrx_word' id='word_1_222' title='bbox 549 2745 735 2808; x_wconf 89' lang='grc'><strong>1056.</strong></span> <span class='ocrx_word' id='word_1_223' title='bbox 783 2745 1100 2830; x_wconf 82' lang='grc' dir='ltr'><strong><em>ἀδμῆτας]</em></strong></span> <span class='ocrx_word' id='word_1_224' title='bbox 1159 2746 1205 2810; x_wconf 97' lang='lat' dir='ltr'><strong>I.</strong></span> <span class='ocrx_word' id='word_1_225' title='bbox 1255 2766 1306 2811; x_wconf 88' lang='lat' dir='ltr'>e.</span> <span class='ocrx_word' id='word_1_226' title='bbox 1364 2748 1751 2832; x_wconf 79' lang='lat' dir='ltr'>innuptas,</span> <span class='ocrx_word' id='word_1_227' title='bbox 1801 2751 2170 2832; x_wconf 81' lang='lat' dir='ltr'>virgineS‚</span> <span class='ocrx_word' id='word_1_228' title='bbox 2226 2751 2579 2815; x_wconf 86' lang='lat' dir='ltr'>secundum</span> <span class='ocrx_word' id='word_1_229' title='bbox 2627 2771 2816 2815; x_wconf 89' lang='lat' dir='ltr'>usum</span> 
     </span>
     <span class='ocr_line' id='line_1_27' title="bbox 370 2832 2816 2918; baseline 0.003 -22"><span class='ocrx_word' id='word_1_230' title='bbox 370 2832 783 2898; x_wconf 88' lang='lat' dir='ltr'>Homericum</span> <span class='ocrx_word' id='word_1_231' title='bbox 833 2832 970 2916; x_wconf 90' lang='lat' dir='ltr'><strong>(Od.</strong></span> <span class='ocrx_word' id='word_1_232' title='bbox 1021 2836 1079 2917; x_wconf 85' lang='lat'><strong><em>6,</em></strong></span> <span class='ocrx_word' id='word_1_233' title='bbox 1130 2837 1325 2918; x_wconf 52' lang='lat'>109),</span> <span class='ocrx_word' id='word_1_234' title='bbox 1383 2843 1454 2899; x_wconf 88' lang='lat' dir='ltr'><strong><em>ut</em></strong></span> <span class='ocrx_word' id='word_1_235' title='bbox 1498 2839 1750 2902; x_wconf 84' lang='lat' dir='ltr'>monuit</span> <span class='ocrx_word' id='word_1_236' title='bbox 1791 2837 2200 2903; x_wconf 84' lang='lat' dir='ltr'>Herwerden.</span> <span class='ocrx_word' id='word_1_237' title='bbox 2279 2838 2366 2902; x_wconf 87' lang='lat' dir='ltr'><strong>Cf.</strong></span> <span class='ocrx_word' id='word_1_238' title='bbox 2413 2838 2671 2904; x_wconf 90' lang='lat' dir='ltr'>Hesiod.</span> <span class='ocrx_word' id='word_1_239' title='bbox 2719 2840 2816 2904; x_wconf 87' lang='lat' dir='ltr'><strong>Fr.</strong></span> 
     </span>
     <span class='ocr_line' id='line_1_28' title="bbox 370 2923 1113 3007; baseline 0.003 -22"><span class='ocrx_word' id='word_1_240' title='bbox 370 2923 468 2985; x_wconf 88' lang='grc'><strong><em>56.</em></strong></span> <span class='ocrx_word' id='word_1_241' title='bbox 516 2924 842 3005; x_wconf 76' lang='grc' dir='ltr'><strong><em>παρθένος</em></strong></span> <span class='ocrx_word' id='word_1_242' title='bbox 888 2924 1113 3007; x_wconf 86' lang='grc' dir='ltr'><strong><em>ἀδμής.</em></strong></span> 
     </span>
    </p>

    <p class='ocr_par' dir='ltr' id='par_1_11' title="bbox 365 3012 2816 3164">
     <span class='ocr_line' id='line_1_29' title="bbox 552 3012 2816 3099; baseline 0.004 -25"><span class='ocrx_word' id='word_1_243' title='bbox 552 3012 738 3075; x_wconf 88' lang='grc'><strong>1058.</strong></span> <span class='ocrx_word' id='word_1_244' title='bbox 787 3013 1004 3076; x_wconf 85' lang='grc' dir='ltr'><strong><em>τούσδ’</em></strong></span> <span class='ocrx_word' id='word_1_245' title='bbox 1069 3013 1188 3077; x_wconf 85' lang='grc' dir='ltr'><strong><em>ἀνὰ</em></strong></span> <span class='ocrx_word' id='word_1_246' title='bbox 1254 3015 1543 3099; x_wconf 87' lang='grc' dir='ltr'><strong><em>χώρους]</em></strong></span> <span class='ocrx_word' id='word_1_247' title='bbox 1619 3015 1723 3078; x_wconf 89' lang='grc'><strong><em>810</em></strong></span> <span class='ocrx_word' id='word_1_248' title='bbox 1781 3017 1972 3081; x_wconf 83' lang='lat' dir='ltr'>Arist.</span> <span class='ocrx_word' id='word_1_249' title='bbox 2028 3016 2183 3080; x_wconf 82' lang='lat' dir='ltr'>Rau.</span> <span class='ocrx_word' id='word_1_250' title='bbox 2243 3018 2388 3080; x_wconf 83' lang='lat'><strong>326.</strong></span> <span class='ocrx_word' id='word_1_251' title='bbox 2462 3018 2631 3082; x_wconf 86' lang='grc' dir='ltr'><strong><em>τόνδ’</em></strong></span> <span class='ocrx_word' id='word_1_252' title='bbox 2697 3019 2816 3083; x_wconf 83' lang='grc' dir='ltr'><strong><em>ἀνὰ</em></strong></span> 
     </span>
     <span class='ocr_line' id='line_1_30' title="bbox 365 3101 658 3164; baseline -0.003 -1"><span class='ocrx_word' id='word_1_253' title='bbox 365 3101 451 3163; x_wconf 90' lang='grc' dir='ltr'><strong><em>λει</em></strong></span> <span class='ocrx_word' id='word_1_254' title='bbox 504 3106 658 3164; x_wconf 87' lang='grc' dir='ltr'><strong>ῶνα.</strong></span> 
     </span>
    </p>

    <p class='ocr_par' dir='ltr' id='par_1_12' title="bbox 360 3125 2818 3897">
     <span class='ocr_line' id='line_1_31' title="bbox 451 3125 2815 3278; baseline 0.003 -25"><span class='ocrx_word' id='word_1_255' title='bbox 451 3125 501 3182; x_wconf 74' lang='grc' dir='ltr'><em>μ</em></span> <span class='ocrx_word' id='word_1_256' title='bbox 549 3190 733 3254; x_wconf 92' lang='grc'><strong>1059.</strong></span> <span class='ocrx_word' id='word_1_257' title='bbox 783 3189 987 3255; x_wconf 88' lang='lat' dir='ltr'>Schol.</span> <span class='ocrx_word' id='word_1_258' title='bbox 1051 3191 1159 3255; x_wconf 88' lang='grc' dir='ltr'><strong><em>τὸν</em></strong></span> <span class='ocrx_word' id='word_1_259' title='bbox 1215 3193 1591 3275; x_wconf 84' lang='grc' dir='ltr'><strong><em>ἒφέσπερον;</em></strong></span> <span class='ocrx_word' id='word_1_260' title='bbox 1660 3194 1760 3256; x_wconf 77' lang='grc' dir='ltr'><strong><em>ἐπὶ</em></strong></span> <span class='ocrx_word' id='word_1_261' title='bbox 1805 3194 1913 3257; x_wconf 85' lang='grc' dir='ltr'><strong><em>τὸν</em></strong></span> <span class='ocrx_word' id='word_1_262' title='bbox 1967 3196 2250 3277; x_wconf 79' lang='grc' dir='ltr'><strong><em>ἕσπερον.</em></strong></span> <span class='ocrx_word' id='word_1_263' title='bbox 2327 3196 2418 3259; x_wconf 93' lang='lat' dir='ltr'><strong>Id.</strong></span> <span class='ocrx_word' id='word_1_264' title='bbox 2465 3195 2573 3259; x_wconf 84' lang='grc' dir='ltr'><strong><em>τὸν</em></strong></span> <span class='ocrx_word' id='word_1_265' title='bbox 2620 3197 2815 3278; x_wconf 81' lang='grc' dir='ltr'><strong><em>Αἰγά-</em></strong></span> 
     </span>
     <span class='ocr_line' id='line_1_32' title="bbox 366 3279 2816 3367; baseline 0.003 -25"><span class='ocrx_word' id='word_1_266' title='bbox 366 3279 530 3342; x_wconf 85' lang='grc' dir='ltr'><strong><em>λεων</em></strong></span> <span class='ocrx_word' id='word_1_267' title='bbox 595 3282 776 3362; x_wconf 90' lang='grc' dir='ltr'><strong><em>φησί·</em></strong></span> <span class='ocrx_word' id='word_1_268' title='bbox 841 3281 947 3344; x_wconf 81' lang='grc' dir='ltr'><strong><em>καὶ</em></strong></span> <span class='ocrx_word' id='word_1_269' title='bbox 1013 3280 1134 3362; x_wconf 83' lang='grc' dir='ltr'><strong><em>γὰρ</em></strong></span> <span class='ocrx_word' id='word_1_270' title='bbox 1198 3288 1380 3345; x_wconf 90' lang='grc' dir='ltr'><strong><em>τοῦτο</em></strong></span> <span class='ocrx_word' id='word_1_271' title='bbox 1446 3282 1544 3344; x_wconf 76' lang='grc' dir='ltr'><strong><em>ἐπ’</em></strong></span> <span class='ocrx_word' id='word_1_272' title='bbox 1592 3283 1879 3365; x_wconf 77' lang='grc' dir='ltr'><strong><em>ἐσχάτων</em></strong></span> <span class='ocrx_word' id='word_1_273' title='bbox 1935 3285 2093 3347; x_wconf 75' lang='grc' dir='ltr'><strong><em>ἐστὶν</em></strong></span> <span class='ocrx_word' id='word_1_274' title='bbox 2148 3290 2259 3348; x_wconf 90' lang='grc' dir='ltr'><strong><em>τοῦ</em></strong></span> <span class='ocrx_word' id='word_1_275' title='bbox 2316 3285 2528 3367; x_wconf 85' lang='grc' dir='ltr'><strong><em>δήμου</em></strong></span> <span class='ocrx_word' id='word_1_276' title='bbox 2575 3287 2816 3349; x_wconf 87' lang='grc' dir='ltr'><strong><em>τούτου.</em></strong></span> 
     </span>
     <span class='ocr_line' id='line_1_33' title="bbox 362 3368 2818 3458; baseline 0.003 -28"><span class='ocrx_word' id='word_1_277' title='bbox 362 3368 773 3450; x_wconf 85' lang='grc' dir='ltr'><strong><em>καταλέγουσι</em></strong></span> <span class='ocrx_word' id='word_1_278' title='bbox 840 3369 908 3432; x_wconf 81' lang='grc' dir='ltr'><strong><em>δὲ</em></strong></span> <span class='ocrx_word' id='word_1_279' title='bbox 972 3372 1177 3452; x_wconf 87' lang='grc' dir='ltr'><strong><em>χωρία</em></strong></span> <span class='ocrx_word' id='word_1_280' title='bbox 1253 3369 1405 3452; x_wconf 86' lang='grc' dir='ltr'><strong><em>παρ’</em></strong></span> <span class='ocrx_word' id='word_1_281' title='bbox 1470 3372 1509 3433; x_wconf 85' lang='grc' dir='ltr'>ἃ</span> <span class='ocrx_word' id='word_1_282' title='bbox 1573 3372 1839 3453; x_wconf 89' lang='grc' dir='ltr'><strong><em>μάλιστα</em></strong></span> <span class='ocrx_word' id='word_1_283' title='bbox 1915 3374 2230 3448; x_wconf 79' lang='grc' dir='ltr'><strong><em>εἰκάζουσι</em></strong></span> <span class='ocrx_word' id='word_1_284' title='bbox 2309 3374 2415 3456; x_wconf 86' lang='grc' dir='ltr'><strong><em>τὴν</em></strong></span> <span class='ocrx_word' id='word_1_285' title='bbox 2491 3375 2818 3458; x_wconf 85' lang='grc' dir='ltr'><strong><em>συμβολὴν</em></strong></span> 
     </span>
     <span class='ocr_line' id='line_1_34' title="bbox 367 3458 2817 3546; baseline 0.003 -26"><span class='ocrx_word' id='word_1_286' title='bbox 367 3458 658 3538; x_wconf 77' lang='grc' dir='ltr'><strong><em>γενέσθαι</em></strong></span> <span class='ocrx_word' id='word_1_287' title='bbox 720 3464 847 3529; x_wconf 88' lang='grc' dir='ltr'><strong><em>τοῖς</em></strong></span> <span class='ocrx_word' id='word_1_288' title='bbox 914 3459 1056 3540; x_wconf 82' lang='grc' dir='ltr'><strong><em>περὶ</em></strong></span> <span class='ocrx_word' id='word_1_289' title='bbox 1118 3459 1226 3522; x_wconf 86' lang='grc' dir='ltr'><strong><em>τὸν</em></strong></span> <span class='ocrx_word' id='word_1_290' title='bbox 1291 3459 1575 3541; x_wconf 86' lang='grc' dir='ltr'><strong><em>Κρέοντα</em></strong></span> <span class='ocrx_word' id='word_1_291' title='bbox 1645 3460 1752 3524; x_wconf 80' lang='grc' dir='ltr'><strong><em>καὶ</em></strong></span> <span class='ocrx_word' id='word_1_292' title='bbox 1824 3458 2054 3543; x_wconf 82' lang='grc' dir='ltr'><strong><em>Θησέα.</em></strong></span> <span class='ocrx_word' id='word_1_293' title='bbox 2133 3462 2223 3527; x_wconf 82' lang='lat' dir='ltr'><strong>Cf.</strong></span> <span class='ocrx_word' id='word_1_294' title='bbox 2273 3464 2371 3546; x_wconf 85' lang='lat' dir='ltr'><strong>Aj.</strong></span> <span class='ocrx_word' id='word_1_295' title='bbox 2421 3465 2568 3527; x_wconf 88' lang='lat'><strong>805.</strong></span> <span class='ocrx_word' id='word_1_296' title='bbox 2635 3465 2696 3527; x_wconf 78' lang='grc' dir='ltr'><strong><em>οἱ</em></strong></span> <span class='ocrx_word' id='word_1_297' title='bbox 2759 3464 2817 3527; x_wconf 85' lang='grc' dir='ltr'><strong><em>δ’</em></strong></span> 
     </span>
     <span class='ocr_line' id='line_1_35' title="bbox 365 3547 2818 3635; baseline 0.003 -26"><span class='ocrx_word' id='word_1_298' title='bbox 365 3547 673 3628; x_wconf 77' lang='grc' dir='ltr'><strong><em>ἑσπέρους</em></strong></span> <span class='ocrx_word' id='word_1_299' title='bbox 721 3547 1046 3629; x_wconf 84' lang='grc' dir='ltr'><strong><em>ἀγκῶνας,</em></strong></span> <span class='ocrx_word' id='word_1_300' title='bbox 1105 3550 1166 3612; x_wconf 81' lang='grc' dir='ltr'><strong><em>οἶ</em></strong></span> <span class='ocrx_word' id='word_1_301' title='bbox 1212 3548 1269 3611; x_wconf 84' lang='grc' dir='ltr'><strong><em>δ’</em></strong></span> <span class='ocrx_word' id='word_1_302' title='bbox 1316 3549 1641 3632; x_wconf 88' lang='grc' dir='ltr'><strong><em>ἀντηλίους</em></strong></span> <span class='ocrx_word' id='word_1_303' title='bbox 1690 3550 1976 3631; x_wconf 88' lang='grc' dir='ltr'><strong><em>(μολεῖν).</em></strong></span> <span class='ocrx_word' id='word_1_304' title='bbox 2035 3553 2180 3615; x_wconf 84' lang='grc'><strong>874.</strong></span> <span class='ocrx_word' id='word_1_305' title='bbox 2227 3552 2503 3633; x_wconf 82' lang='grc' dir='ltr'><strong><em>πλευρὸν</em></strong></span> <span class='ocrx_word' id='word_1_306' title='bbox 2549 3554 2818 3635; x_wconf 79' lang='grc' dir='ltr'><strong><em>ἕσπερον</em></strong></span> 
     </span>
     <span class='ocr_line' id='line_1_36' title="bbox 363 3635 2817 3724; baseline 0.003 -26"><span class='ocrx_word' id='word_1_307' title='bbox 363 3640 542 3698; x_wconf 88' lang='grc' dir='ltr'><strong><em>νεῶν.</em></strong></span> <span class='ocrx_word' id='word_1_308' title='bbox 594 3638 740 3700; x_wconf 89' lang='grc'><strong>285.</strong></span> <span class='ocrx_word' id='word_1_309' title='bbox 789 3638 1044 3719; x_wconf 83' lang='grc' dir='ltr'><strong><em>ἕσπεροι</em></strong></span> <span class='ocrx_word' id='word_1_310' title='bbox 1090 3638 1463 3720; x_wconf 87' lang='grc' dir='ltr'><strong><em>λαμπτῆρες.</em></strong></span> <span class='ocrx_word' id='word_1_311' title='bbox 1513 3635 1582 3700; x_wconf 93' lang='grc' dir='ltr'><strong><em>Ο.</em></strong></span> <span class='ocrx_word' id='word_1_312' title='bbox 1616 3638 1687 3702; x_wconf 88' lang='lat' dir='ltr'><strong>R.</strong></span> <span class='ocrx_word' id='word_1_313' title='bbox 1746 3640 1884 3702; x_wconf 88' lang='grc'><strong>178.</strong></span> <span class='ocrx_word' id='word_1_314' title='bbox 1933 3639 2083 3702; x_wconf 86' lang='lat' dir='ltr'>Eur.</span> <span class='ocrx_word' id='word_1_315' title='bbox 2124 3639 2225 3704; x_wconf 87' lang='lat' dir='ltr'><strong><em>Or.</em></strong></span> <span class='ocrx_word' id='word_1_316' title='bbox 2265 3643 2450 3705; x_wconf 89' lang='grc'><strong>1002.</strong></span> <span class='ocrx_word' id='word_1_317' title='bbox 2498 3641 2609 3706; x_wconf 85' lang='grc' dir='ltr'><strong><em>τὰν</em></strong></span> <span class='ocrx_word' id='word_1_318' title='bbox 2654 3642 2817 3724; x_wconf 84' lang='grc' dir='ltr'><strong><em>πρὸς</em></strong></span> 
     </span>
     <span class='ocr_line' id='line_1_37' title="bbox 363 3725 2816 3815; baseline 0.004 -29"><span class='ocrx_word' id='word_1_319' title='bbox 363 3725 632 3806; x_wconf 78' lang='grc' dir='ltr'><strong><em>ἕσπερον</em></strong></span> <span class='ocrx_word' id='word_1_320' title='bbox 698 3727 1044 3807; x_wconf 76' lang='grc' dir='ltr'><strong><em>(ἑσπερανΡ</em></strong></span> <span class='ocrx_word' id='word_1_321' title='bbox 1111 3725 1199 3790; x_wconf 89' lang='lat' dir='ltr'><strong>Cf.</strong></span> <span class='ocrx_word' id='word_1_322' title='bbox 1256 3729 1488 3802; x_wconf 84' lang='lat'><strong>1260.).</strong></span> <span class='ocrx_word' id='word_1_323' title='bbox 1566 3727 1901 3811; x_wconf 85' lang='lat' dir='ltr'>Nusquam</span> <span class='ocrx_word' id='word_1_324' title='bbox 1977 3729 2126 3793; x_wconf 85' lang='lat' dir='ltr'>alibi</span> <span class='ocrx_word' id='word_1_325' title='bbox 2201 3731 2368 3814; x_wconf 85' lang='lat' dir='ltr'>apud</span> <span class='ocrx_word' id='word_1_326' title='bbox 2445 3730 2816 3815; x_wconf 87' lang='lat' dir='ltr'>Sophoclem</span> 
     </span>
     <span class='ocr_line' id='line_1_38' title="bbox 360 3813 1001 3897; baseline 0.003 -23"><span class='ocrx_word' id='word_1_327' title='bbox 360 3813 593 3895; x_wconf 86' lang='lat' dir='ltr'>legitur</span> <span class='ocrx_word' id='word_1_328' title='bbox 636 3815 1001 3897; x_wconf 79' lang='grc' dir='ltr'><strong><em>ἕφέσπερος.</em></strong></span> 
     </span>
    </p>

    <p class='ocr_par' dir='ltr' id='par_1_13' title="bbox 363 3903 2816 4616">
     <span class='ocr_line' id='line_1_39' title="bbox 547 3903 2813 3991; baseline 0.004 -26"><span class='ocrx_word' id='word_1_329' title='bbox 547 3903 732 3966; x_wconf 92' lang='grc'><strong>1060.</strong></span> <span class='ocrx_word' id='word_1_330' title='bbox 779 3906 1010 3986; x_wconf 87' lang='grc' dir='ltr'><strong><em>πέτρας</em></strong></span> <span class='ocrx_word' id='word_1_331' title='bbox 1056 3905 1357 3988; x_wconf 78' lang='grc' dir='ltr'><strong><em>νιφάδος]</em></strong></span> <span class='ocrx_word' id='word_1_332' title='bbox 1408 3904 1501 3968; x_wconf 83' lang='lat' dir='ltr'><strong>Of.</strong></span> <span class='ocrx_word' id='word_1_333' title='bbox 1551 3904 1621 3969; x_wconf 92' lang='grc' dir='ltr'><strong><em>Ο.</em></strong></span> <span class='ocrx_word' id='word_1_334' title='bbox 1653 3904 1725 3968; x_wconf 87' lang='grc' dir='ltr'><strong><em>Β.</em></strong></span> <span class='ocrx_word' id='word_1_335' title='bbox 1776 3909 1921 3970; x_wconf 89' lang='grc'><strong>473.</strong></span> <span class='ocrx_word' id='word_1_336' title='bbox 1970 3913 2082 3971; x_wconf 88' lang='grc' dir='ltr'><strong><em>τοῦ</em></strong></span> <span class='ocrx_word' id='word_1_337' title='bbox 2129 3910 2451 3991; x_wconf 79' lang='grc' dir='ltr'><strong><em>νιφόεντος</em></strong></span> <span class='ocrx_word' id='word_1_338' title='bbox 2500 3946 2582 3954; x_wconf 87' lang='lat'><strong><em>——</em></strong></span> <span class='ocrx_word' id='word_1_339' title='bbox 2632 3908 2813 3991; x_wconf 90' lang='grc' dir='ltr'><strong><em>Παρ-</em></strong></span> 
     </span>
     <span class='ocr_line' id='line_1_40' title="bbox 363 3992 2816 4080; baseline 0.003 -27"><span class='ocrx_word' id='word_1_340' title='bbox 363 3998 618 4055; x_wconf 92' lang='grc' dir='ltr'><strong><em>νασσοῦ.</em></strong></span> <span class='ocrx_word' id='word_1_341' title='bbox 754 3993 1059 4078; x_wconf 77' lang='grc' dir='ltr'><strong><em>νιφάδος]</em></strong></span> <span class='ocrx_word' id='word_1_342' title='bbox 1109 3992 1193 4058; x_wconf 88' lang='lat' dir='ltr'><strong>Cf.</strong></span> <span class='ocrx_word' id='word_1_343' title='bbox 1229 3995 1455 4059; x_wconf 88' lang='lat' dir='ltr'>Aesch.</span> <span class='ocrx_word' id='word_1_344' title='bbox 1491 3993 1658 4078; x_wconf 85' lang='lat' dir='ltr'>Sept.</span> <span class='ocrx_word' id='word_1_345' title='bbox 1693 3997 1868 4069; x_wconf 67' lang='lat'><strong><em>212„</em></strong></span> <span class='ocrx_word' id='word_1_346' title='bbox 1918 3996 2027 4060; x_wconf 89' lang='lat' dir='ltr'><strong><em>ubi</em></strong></span> <span class='ocrx_word' id='word_1_347' title='bbox 2077 3998 2263 4080; x_wconf 84' lang='grc' dir='ltr'><strong><em>νιφὰς</em></strong></span> <span class='ocrx_word' id='word_1_348' title='bbox 2311 3999 2479 4062; x_wconf 80' lang='lat' dir='ltr'>valet</span> <span class='ocrx_word' id='word_1_349' title='bbox 2509 4017 2546 4061; x_wconf 82' lang='lat' dir='ltr'><strong>a</strong></span> <span class='ocrx_word' id='word_1_350' title='bbox 2576 4018 2816 4062; x_wconf 81' lang='lat' dir='ltr'>snow-</span> 
     </span>
     <span class='ocr_line' id='line_1_41' title="bbox 364 4082 2816 4167; baseline 0.003 -24"><span class='ocrx_word' id='word_1_351' title='bbox 364 4087 612 4144; x_wconf 88' lang='lat' dir='ltr'>storm.</span> <span class='ocrx_word' id='word_1_352' title='bbox 701 4082 935 4146; x_wconf 87' lang='lat' dir='ltr'>Confer</span> <span class='ocrx_word' id='word_1_353' title='bbox 996 4084 1208 4155; x_wconf 86' lang='grc' dir='ltr'><strong><em>λισσάς</em></strong></span> <span class='ocrx_word' id='word_1_354' title='bbox 1283 4086 1349 4163; x_wconf 80' lang='lat' dir='ltr'><strong><em>(a</em></strong></span> <span class='ocrx_word' id='word_1_355' title='bbox 1413 4085 1590 4149; x_wconf 82' lang='lat' dir='ltr'>bare</span> <span class='ocrx_word' id='word_1_356' title='bbox 1656 4086 1946 4149; x_wconf 88' lang='lat' dir='ltr'>smooth</span> <span class='ocrx_word' id='word_1_357' title='bbox 2014 4086 2214 4167; x_wconf 86' lang='lat' dir='ltr'>cliff)</span> <span class='ocrx_word' id='word_1_358' title='bbox 2290 4087 2451 4151; x_wconf 73' lang='lat' dir='ltr'>Plut.</span> <span class='ocrx_word' id='word_1_359' title='bbox 2511 4088 2664 4151; x_wconf 78' lang='lat' dir='ltr'><strong>Mar.</strong></span> <span class='ocrx_word' id='word_1_360' title='bbox 2713 4091 2816 4151; x_wconf 87' lang='grc'><strong><em>23.</em></strong></span> 
     </span>
     <span class='ocr_line' id='line_1_42' title="bbox 364 4169 2816 4257; baseline 0.003 -24"><span class='ocrx_word' id='word_1_361' title='bbox 364 4169 565 4234; x_wconf 83' lang='lat' dir='ltr'>Crass.</span> <span class='ocrx_word' id='word_1_362' title='bbox 617 4173 672 4235; x_wconf 93' lang='grc'><strong><em>9.</em></strong></span> <span class='ocrx_word' id='word_1_363' title='bbox 751 4170 1040 4236; x_wconf 80' lang='lat' dir='ltr'>Distabat</span> <span class='ocrx_word' id='word_1_364' title='bbox 1085 4173 1161 4236; x_wconf 84' lang='lat' dir='ltr'><strong><em>ab</em></strong></span> <span class='ocrx_word' id='word_1_365' title='bbox 1211 4175 1481 4237; x_wconf 87' lang='lat' dir='ltr'>Athenis</span> <span class='ocrx_word' id='word_1_366' title='bbox 1537 4175 1792 4238; x_wconf 87' lang='lat' dir='ltr'>circiter</span> <span class='ocrx_word' id='word_1_367' title='bbox 1837 4176 2062 4257; x_wconf 83' lang='lat' dir='ltr'>viginti</span> <span class='ocrx_word' id='word_1_368' title='bbox 2121 4177 2470 4239; x_wconf 87' lang='lat' dir='ltr'>secundum</span> <span class='ocrx_word' id='word_1_369' title='bbox 2531 4176 2816 4241; x_wconf 90' lang='lat' dir='ltr'>Herodo-</span> 
     </span>
     <span class='ocr_line' id='line_1_43' title="bbox 364 4259 2814 4349; baseline 0.003 -28"><span class='ocrx_word' id='word_1_370' title='bbox 364 4265 497 4322; x_wconf 88' lang='lat' dir='ltr'><strong><em>tum</em></strong></span> <span class='ocrx_word' id='word_1_371' title='bbox 550 4259 623 4322; x_wconf 90' lang='lat' dir='ltr'><strong><em>V.</em></strong></span> <span class='ocrx_word' id='word_1_372' title='bbox 674 4263 775 4325; x_wconf 90' lang='lat'><strong><em>83.</em></strong></span> <span class='ocrx_word' id='word_1_373' title='bbox 854 4261 1031 4326; x_wconf 84' lang='lat' dir='ltr'>Idem</span> <span class='ocrx_word' id='word_1_374' title='bbox 1099 4261 1461 4327; x_wconf 87' lang='lat' dir='ltr'>Herodotus</span> <span class='ocrx_word' id='word_1_375' title='bbox 1507 4263 1646 4343; x_wconf 92' lang='lat' dir='ltr'><strong>(IX.</strong></span> <span class='ocrx_word' id='word_1_376' title='bbox 1699 4265 1778 4344; x_wconf 86' lang='grc'><strong><em>7.)</em></strong></span> <span class='ocrx_word' id='word_1_377' title='bbox 1843 4283 2134 4348; x_wconf 83' lang='lat' dir='ltr'>campum</span> <span class='ocrx_word' id='word_1_378' title='bbox 2198 4265 2547 4330; x_wconf 81' lang='lat' dir='ltr'>Thriasium</span> <span class='ocrx_word' id='word_1_379' title='bbox 2608 4267 2814 4349; x_wconf 78' lang='grc' dir='ltr'><strong><em>ἐπιτη-</em></strong></span> 
     </span>
     <span class='ocr_line' id='line_1_44' title="bbox 366 4348 2815 4437; baseline 0.002 -26"><span class='ocrx_word' id='word_1_380' title='bbox 366 4348 681 4413; x_wconf 85' lang='grc' dir='ltr'><strong><em>δεώτατον</em></strong></span> <span class='ocrx_word' id='word_1_381' title='bbox 756 4351 1241 4433; x_wconf 74' lang='grc' dir='ltr'><strong><em>ἕμμαχέσασθαι</em></strong></span> <span class='ocrx_word' id='word_1_382' title='bbox 1316 4352 1602 4435; x_wconf 83' lang='lat' dir='ltr'>appellat.</span> <span class='ocrx_word' id='word_1_383' title='bbox 1784 4353 2051 4437; x_wconf 85' lang='grc' dir='ltr'><strong><em>πελῶσ’]</em></strong></span> <span class='ocrx_word' id='word_1_384' title='bbox 2130 4352 2434 4417; x_wconf 82' lang='lat' dir='ltr'>Futurum</span> <span class='ocrx_word' id='word_1_385' title='bbox 2513 4357 2815 4418; x_wconf 84' lang='lat' dir='ltr'>Atticum.</span> 
     </span>
     <span class='ocr_line' id='line_1_45' title="bbox 364 4438 2815 4523; baseline 0.002 -22"><span class='ocrx_word' id='word_1_386' title='bbox 364 4438 599 4502; x_wconf 85' lang='lat' dir='ltr'>Eadem</span> <span class='ocrx_word' id='word_1_387' title='bbox 659 4447 976 4503; x_wconf 77' lang='lat' dir='ltr'>contracta</span> <span class='ocrx_word' id='word_1_388' title='bbox 1034 4441 1235 4504; x_wconf 83' lang='lat' dir='ltr'>forma</span> <span class='ocrx_word' id='word_1_389' title='bbox 1303 4441 1532 4523; x_wconf 81' lang='lat' dir='ltr'>legitur</span> <span class='ocrx_word' id='word_1_390' title='bbox 1578 4441 1741 4504; x_wconf 86' lang='lat' dir='ltr'>Phil.</span> <span class='ocrx_word' id='word_1_391' title='bbox 1798 4443 1936 4504; x_wconf 90' lang='lat'>150.</span> <span class='ocrx_word' id='word_1_392' title='bbox 1985 4442 2079 4505; x_wconf 86' lang='grc' dir='ltr'><strong><em>ΕΙ.</em></strong></span> <span class='ocrx_word' id='word_1_393' title='bbox 2129 4444 2274 4505; x_wconf 85' lang='grc'><strong>497.</strong></span> <span class='ocrx_word' id='word_1_394' title='bbox 2334 4445 2558 4507; x_wconf 85' lang='lat' dir='ltr'>Aesch.</span> <span class='ocrx_word' id='word_1_395' title='bbox 2613 4446 2815 4508; x_wconf 83' lang='lat' dir='ltr'>Prom.</span> 
     </span>
     <span class='ocr_line' id='line_1_46' title="bbox 365 4527 2816 4616; baseline 0.002 -27"><span class='ocrx_word' id='word_1_396' title='bbox 365 4529 509 4591; x_wconf 89' lang='grc'><strong>282.</strong></span> <span class='ocrx_word' id='word_1_397' title='bbox 577 4527 918 4611; x_wconf 81' lang='lat' dir='ltr'>Euripides</span> <span class='ocrx_word' id='word_1_398' title='bbox 992 4528 1249 4593; x_wconf 82' lang='lat' dir='ltr'>alteram</span> <span class='ocrx_word' id='word_1_399' title='bbox 1318 4533 1584 4593; x_wconf 81' lang='lat' dir='ltr'>formam</span> <span class='ocrx_word' id='word_1_400' title='bbox 1641 4531 1900 4595; x_wconf 88' lang='grc' dir='ltr'><strong><em>πελάσω</em></strong></span> <span class='ocrx_word' id='word_1_401' title='bbox 1973 4530 2244 4615; x_wconf 83' lang='lat' dir='ltr'>praefert</span> <span class='ocrx_word' id='word_1_402' title='bbox 2290 4531 2393 4594; x_wconf 86' lang='lat' dir='ltr'><strong>Or.</strong></span> <span class='ocrx_word' id='word_1_403' title='bbox 2447 4533 2633 4596; x_wconf 83' lang='grc'><strong>1684.</strong></span> <span class='ocrx_word' id='word_1_404' title='bbox 2683 4533 2816 4616; x_wconf 93' lang='lat' dir='ltr'>Iph.</span> 
     </span>
    </p>
   </div>
   <div class='ocr_carea' id='block_1_3' title="bbox 2310 4640 2388 4702">
    <p class='ocr_par' dir='ltr' id='par_1_14' title="bbox 2310 4640 2388 4702">
     <span class='ocr_line' id='line_1_47' title="bbox 2310 4640 2388 4702; baseline 0.013 -1"><span class='ocrx_word' id='word_1_405' title='bbox 2310 4640 2388 4702; x_wconf 91' lang='grc'><strong><em>15</em></strong></span> 
     </span>
    </p>
   </div>
  </div>
 </body>
</html>
