3463 5287
1463 442 1759 489 AN'rtoonn
2754 423 2837 491 67

383 600 683 685 γυναικὸς
729 602 962 685 ἐσθλῆς
1007 602 1351 685 ἤμπλακες.
1487 609 1602 668 νῦν
1646 627 1710 667 τε
1747 602 2022 686 κάχθὲς]
2072 601 2163 666 Cf.
2195 600 2375 667 Dem.
2408 602 2487 668 de
2520 602 2659 668 Cor.
2698 604 2840 668 130.

382 692 540 774 χθὲς
585 692 705 772 μὲν
750 690 867 755 οὖν
913 692 1021 755 καὶ
1065 694 1297 775 πρώην
1351 694 1463 775 ἅμ’
1502 694 1844 776 Ἀθηναῖος
1898 692 2006 756 καὶ
2051 693 2268 775 ῥήτωρ
2315 694 2548 775 γέγονε.
2603 693 2839 757 Herod.

382 781 466 845 II.
518 783 618 843 53.
664 783 895 864 πρώην
939 805 1003 846 τε
1048 782 1157 845 καὶ
1201 782 1372 864 χθές.
1449 783 1699 847 «Iuncus
1747 782 1916 866 apud
1964 781 2335 846 Stobaeum:
2394 781 2470 846 σὺ
2529 782 2598 847 δὲ
2643 784 2842 847 ἄκουε

383 870 576 952 λόγον
623 872 744 934 οὐκ
809 870 966 952 ἐμὸν
1031 870 1183 934 οὐδὲ
1246 873 1573 953 νεώτερον,
1640 873 1827 953 ἐχθές
1880 894 2009 935 που
2055 871 2163 935 καὶ
2208 872 2439 954 πρώην
2484 872 2840 953 εὑρεθέντα,

382 960 492 1023 καὶ
553 960 735 1041 μόλις
781 961 1314 1042 εὐδοκιμήσαντα,
1378 961 1670 1024 παλαιῶν
1737 960 1806 1023 δὲ
1870 960 2130 1042 ἀνδρῶν
2184 965 2412 1042 σοφῶν
2464 985 2555 1034 τε,
2609 962 2839 1025 τεθαυ-

380 1051 729 1131 μασμένον.
777 1049 966 1112 Hom.
1016 1048 1085 1111 ΙΙ.
1135 1051 1194 1123 2,
1245 1050 1389 1112 303.
1454 1050 1647 1132 χθιζά
1708 1073 1774 1112 τε
1837 1049 1945 1113 καὶ
1997 1049 2244 1131 πρωΐζ’.
2426 1050 2526 1114 ἀεί
2564 1074 2717 1114 ποτε
2762 1052 2842 1134 ζῇ

382 1137 609 1221 ταῦτα]
677 1136 766 1202 Cf.
815 1136 886 1202 Ο.
920 1138 991 1201 R.
1040 1138 1187 1200 482.
1254 1137 1325 1201 τὰ
1403 1139 1459 1202 δ’
1517 1139 1611 1201 ἀεὶ
1683 1139 1892 1212 ζῶντα
1955 1143 2375 1220 περιποτᾶται.
2446 1140 2674 1204 Aesch.
2721 1141 2842 1223 Ag.

387 1229 533 1290 793.
594 1226 739 1289 Eur.
790 1225 886 1289 Fr.
938 1228 1049 1308 35,
1103 1229 1155 1289 1.
1213 1228 1306 1291 ἀεὶ
1360 1226 1432 1291 τὸ
1476 1228 1597 1310 μὲν
1645 1229 1723 1310 ζῇ
1772 1226 2046 1308 (κακὸν),
2094 1235 2208 1291 etc.
2256 1228 2433 1311 Trag.
2481 1228 2689 1312 adesp.
2743 1231 2841 1291 15.

386 1317 619 1389 ἀείζων
662 1316 920 1386 πένθος.
1001 1314 1094 1380 De
1144 1318 1243 1380 bis
1289 1317 1604 1399 ἀγράφοις
1649 1317 1872 1399 νόμοις
1917 1336 1974 1377 v.
2024 1315 2188 1380 Xen.
2241 1316 2427 1381 Mem.
2473 1317 2582 1382 IV.
2630 1320 2689 1381 4.
2742 1320 2841 1381 19.

478 1406 579 1469 ἀεί
636 1402 818 1490 ποτε]
894 1405 982 1470 Cf.
1040 1407 1138 1488 Aj.
1198 1407 1343 1469 320.
1410 1406 1558 1469 Eur.
1617 1405 1719 1469 Or.
1780 1407 1927 1469 869.
1991 1405 2127 1469 Ion.
2189 1407 2376 1469 1329.
2451 1406 2637 1472 Rhoe.
2695 1407 2842 1471 653.

385 1496 578 1558 Arist„
626 1499 745 1558 Av.
798 1496 984 1557 1545.

568 1585 716 1646 457.
763 1585 833 1657 ἐξ
877 1583 1060 1666 ὅτου]
1112 1582 1221 1646 Ex
1268 1604 1430 1667 quo.
1508 1583 1604 1648 Sc.
1651 1584 1909 1667 χρόνου.

566 1674 714 1736 458.
763 1673 851 1737 Cf.
885 1672 979 1735 ΕΙ.
1014 1674 1159 1736 538.
1209 1675 1329 1737 οὐκ
1375 1674 1591 1756 ἔμελλε
1634 1675 1839 1738 τῶνδέ
1881 1696 1995 1756 μοι
2027 1673 2257 1738 δώσειν
2303 1673 2516 1757 δίκην,·
2562 1676 2661 1758 Aj.
2696 1676 2843 1740 925.

395 1764 582 1826 1026.
650 1762 761 1825 Ph.
810 1763 956 1825 446.
1026 1762 1176 1825 Eur.
1226 1761 1388 1827 Med.
1443 1763 1627 1826 1354.
1693 1763 1772 1826 σὺ
1840 1763 1898 1825 δ’
1965 1763 2085 1826 οὐκ
2150 1764 2399 1846 ἔμελλες
2447 1802 2529 1810 -
2577 1765 2845 1847 τερπνὸν

387 1853 624 1926 διάξειν
666 1853 882 1934 βίοτον
927 1852 1201 1933 ἔγγελῶν
1247 1852 1402 1934 ἐμοί.

567 1943 715 2004 459.
763 1942 831 2004 ἐν
875 1941 1078 2005 θεοῖσι
1122 1941 1234 2023 τὴν
1282 1942 1464 2024 δίκην
1513 1940 1766 2025 δοῦναι]
1816 1938 1903 2004 Of.
1951 1941 2031 2004 ad
2079 1941 2271 2006 Arist.
2319 1942 2417 2006 Fr.
2451 1943 2597 2005 267.
2644 1942 2843 2007 Kock.

569 2032 715 2093 461.
763 2032 821 2094 εἰ
863 2030 933 2094 δὲ
981 2029 1098 2113 -]
1165 2028 1257 2094 Cf.
1314 2030 1407 2093 ΕΙ.
1463 2032 1650 2094 1486.
1715 2031 1773 2093 τί
1832 2030 1954 2112 γὰρ
2004 2067 2084 2076 -
2133 2037 2245 2094 τοῦ
2309 2032 2547 2114 χρόνου
2611 2032 2845 2115 κέρδος

387 2121 609 2202 φέροι,·
655 2118 802 2183 Eur.
849 2119 1001 2185 Her.
1044 2120 1187 2182 959.
1235 2120 1343 2183 καὶ
1387 2120 1712 2200 κερδανεῖς
1758 2120 2033 2183 ἅπαντα·
2079 2127 2243 2203 χρῆν
2289 2121 2411 2203 γὰρ
2458 2122 2579 2204 οὐχ
2624 2122 2797 2196 ἅπαξ
2831 2120 2840 2208 Ι

386 2211 690 2292 θνήσκειν
738 2233 808 2273 σε
854 2218 970 2274 ete.
1022 2208 1183 2273 Med.
1231 2212 1378 2272 454.
1425 2214 1554 2271 πᾶν
1599 2209 1832 2290 κέρδος
1878 2210 2038 2291 ἡγοῦ
2087 2211 2479 2293 ζημιουμένη
2527 2218 2718 2294 φυγῇ.

572 2300 718 2361 462.
765 2298 963 2382 λέγω]
1021 2298 1051 2361 Ι
1098 2299 1393 2363 reckon.
1469 2299 1517 2363 I.
1568 2318 1624 2381 q.
1672 2299 2014 2379 λογίζομαι.
2093 2294 2184 2362 Of.
2233 2297 2329 2361 ΕΙ.
2380 2299 2567 2362 1270.
2618 2300 2842 2382 δαιμό-

389 2412 527 2451 νιον
572 2387 726 2450 αὐτὸ
773 2387 987 2470 τίθημ’
1035 2388 1179 2469 ἐγώ.
1225 2387 1474 2452 Terent.
1510 2388 1627 2450 Ad.
1658 2385 1735 2448 V.
1760 2389 1940 2449 3.31.
1988 2388 2186 2470 ‘quod
2236 2388 2386 2452 hinc
2432 2391 2783 2469 accesserit,
2832 2386 2841 2474 Ι

389 2478 456 2540 id
507 2477 585 2540 de
633 2476 807 2540 lucro
855 2483 1069 2560 putato
1117 2496 1251 2540 esse
1299 2475 1524 2541 omne)
1582 2476 1836 2540 Phorm.
1883 2474 1964 2540 II.
2004 2478 2056 2538 1.
2094 2478 2193 2539 16.
2240 2476 2468 2540 Heaut.
2500 2477 2615 2542 III.
2653 2480 2751 2540 11.
2789 2481 2845 2541 7.

278 2649 283 2653 ⁴
390 2566 546 2630 Hor.
596 2565 708 2630 Od.
760 2565 804 2630 1.
857 2567 911 2629 9.
966 2568 1063 2628 14.
1130 2567 1346 2649 ‘quem
1413 2567 1544 2629 fors
1609 2565 1856 2629 dierum
1922 2585 2198 2648 cumque
2262 2565 2439 2629 dabit
2499 2566 2678 2631 lucro
2736 2566 2847 2631 ad-

390 2656 595 2740 pone.'
659 2656 786 2720 Cio.
834 2654 1005 2719 Fam.
1052 2655 1169 2720 IX.
1223 2658 1317 2718 17.
1384 2657 1491 2720 ‘de
1546 2656 1722 2719 luero
1778 2657 1908 2738 jam
1965 2675 2157 2740 prope
2213 2656 2705 2740 quadriennium
2757 2659 2847 2720 vi·

392 2744 643 2809 vnnusss

572 2834 702 2896 463
735 2853 826 2917 sq.
875 2832 965 2897 Of.
1014 2833 1108 2897 El.
1161 2837 1349 2897 1484.
1402 2837 1461 2897 τί
1521 2834 1643 2916 γὰρ
1696 2835 1950 2917 βροτῶν
2014 2836 2092 2897 ἂν
2156 2834 2304 2917 (leg.
2350 2834 2679 2917 βροτείων)
2733 2834 2848 2909 ξὺν

391 2930 618 2995 κακοῖς
660 2925 1074 3007 μεμιγμένων
1115 2925 1123 3001 Ι
1164 2925 1463 3006 θνήσκειν
1508 2924 1547 2987 ὁ
1591 2924 1845 3006 μέλλων
1907 2929 2021 2987 τοῦ
2067 2923 2306 3006 χρόνου
2352 2924 2584 3005 κέρδος
2629 2926 2849 3006 φέρου

392 3016 491 3097 Aj.
541 3014 688 3076 475.
752 3013 853 3077 Fr.
901 3012 1047 3076 689.
1113 3013 1277 3083 ὅστις
1342 3012 1462 3095 γὰρ
1527 3014 1594 3077 ἐν
1656 3019 1945 3077 κακοῖσιν
2008 3013 2225 3095 ῖμείρει
2287 3014 2431 3096 βίου
2481 3014 2491 3094 Ι
2539 3016 2579 3095 ἢ
2648 3014 2848 3083 δειλός

392 3105 555 3167 ἔστιν
601 3109 716 3166 etc.
766 3101 915 3165 Eur.
962 3102 1100 3166 Alo.
1150 3103 1294 3165 960.
1358 3105 1417 3165 τί
1473 3125 1586 3184 μοι
1650 3104 1768 3185 ζῆν
1833 3102 1988 3185 δῆτα
2052 3102 2296 3176 κύδιον,
2360 3103 2530 3184 φίλοι
2576 3104 2846 3185 (κέρδος,

391 3191 452 3256 ὦ
498 3192 692 3274 φίλοι)
730 3191 738 3272 1
780 3196 1005 3261 κακῶς
1048 3191 1297 3255 κλύοντι
1330 3216 1446 3266 -,·
1492 3193 1720 3256 Aesch.
1754 3190 1962 3254 Prom.
1999 3191 2142 3254 750.
2190 3197 2481 3274 κρεῖσσον
2527 3191 2649 3274 γὰρ
2681 3193 2846 3256 εἰσά-

391 3284 525 3356 παξ
559 3282 779 3345 θανεῖν
819 3279 827 3363 Ι
870 3283 909 3363 ἢ
955 3279 1066 3350 τὰς
1110 3280 1361 3350 ἁπάσας
1406 3282 1649 3363 ἡμέρας
1692 3281 1958 3363 πάσχειν
2002 3285 2242 3351 κακῶς.

577 3371 725 3433 464.
773 3369 897 3454 ὅδ’]
947 3369 1070 3434 Pro
1120 3369 1447 3433 usitatiore
1494 3367 1704 3442 οὗτος,
1755 3376 1826 3433 ut
1871 3371 1937 3432 in
1986 3369 2132 3432 666.
2183 3368 2276 3432 ΕΙ.
2324 3371 2473 3433 441.

576 3461 722 3522 466.
769 3457 924 3540 παρ’
972 3458 1160 3523 οὐδὲν
1223 3457 1445 3542 ἄλγος]
1513 3459 1601 3523 Cf.
1658 3457 1814 3523 Oed.
1865 3460 2008 3522 982.
2190 3459 2323 3522 ἀλλ’
2371 3458 2474 3542 ἂν]
2541 3459 2630 3523 Of.
2680 3458 2749 3522 Ο.
2784 3458 2848 3522 C.

396 3552 543 3613 924.
592 3553 741 3612 Ant.
777 3550 877 3611 69.
916 3547 1005 3611 ΕΙ.
1039 3549 1187 3610 431.
1321 3547 1431 3611 τὸν
1475 3548 1545 3622 ἐξ
1590 3548 1749 3630 ἐμῆς
1781 3547 1898 3631 -]
1949 3547 2035 3611 Cf.
2083 3548 2225 3610 144.
2271 3550 2330 3612 ὣ
2375 3548 2616 3630 πατρὸς
2661 3546 2846 3634 §vas-l

392 3638 635 3721 μητρός
680 3661 744 3701 τε
786 3642 938 3719 μιᾶς
982 3638 1190 3719 φύντε.
1241 3637 1386 3700 513.
1434 3637 1712 3719 ὅμαιμος
1757 3639 1832 3700 ἐκ
1878 3642 2027 3712 μιᾶς
2071 3660 2135 3699 τε
2178 3636 2288 3700 καὶ
2331 3638 2559 3700 ταύτοῦ
2595 3636 2850 3718 πατρός.

483 3728 593 3791 τὸν
642 3763 721 3772 —-
771 3725 1030 3790 θανόντ’
1079 3762 1158 3771 -
1210 3724 1421 3810 νέκυν]
1488 3725 1578 3790 Of.
1630 3727 1776 3789 515.
1842 3726 1881 3789 ὁ
1935 3725 2282 3789 κατθανὼν
2335 3727 2535 3796 νέκυς.
2586 3727 2687 3790 26.
2741 3726 2852 3790 τὸν

398 3817 645 3887 ἀθλίως
689 3816 969 3879 θανόντα
1016 3813 1450 3886 Πολυνείκους
1495 3817 1700 3879 νέκυν.

577 3907 724 3968 467.
772 3906 1065 3968 ἄθαπτον
1115 3905 1229 3989 —]
1305 3904 1454 3968 Sub.
1530 3906 1695 3968 ὄντα.
1795 3903 1882 3967 Cf.
1948 3905 2097 3968 Eur.
2153 3905 2291 3967 Alc.
2352 3904 2497 3967 304.
2568 3904 2850 3987 ἀνάσχου

397 3996 706 4065 δεσπότας
752 4001 857 4074 (sc.
905 3994 1127 4072 ὄντας).
1205 3993 1329 4058 Sed
1386 3995 1832 4077 corrigendum
1877 3995 2133 4058 videtur
2186 3994 2479 4057 ἄθαπτον
2534 3993 2661 4057 ὄντ’
2710 3995 2850 4076 ἠνε-

396 4086 665 4168 σχόμην.
752 4083 841 4148 Cf.
903 4082 1013 4146 Ph.
1060 4085 1208 4146 411.
1274 4086 1332 4148 εἰ
1388 4082 1618 4165 παρὼν
1666 4120 1749 4129 —-
1797 4083 1983 4148 ταῦθ’
2048 4084 2226 4165 δρῶν
2290 4083 2583 4166 ἠνείχετο.
2658 4083 2851 4147 Arist.

402 4175 541 4238 Pac.
594 4175 739 4237 703.
786 4173 894 4236 Th.
943 4175 1088 4237 593.

576 4263 727 4325 469.
775 4261 867 4327 cf.
918 4261 988 4325 Ο.
1023 4262 1088 4327 C.
1145 4263 1310 4325 1665
1344 4282 1436 4344 sq.

579 4353 727 4415 470.
777 4352 1007 4433 σχεδόν
1050 4376 1104 4414 τι
1154 4350 1268 4434 -]
1328 4350 1414 4414 Of.
1468 4350 1559 4413 ΕΙ.
1608 4351 1755 4414 609.
1810 4351 2039 4433 σχεδόν
2091 4374 2147 4414 τι
2190 4350 2303 4434 τὴν
2348 4349 2468 4433 σὴν
2514 4351 2592 4414 οὗ
2638 4373 2852 4414 καται-

400 4442 619 4524 σχύνω
665 4441 874 4522 φύσιν.
925 4439 995 4503 Ο.
1028 4441 1099 4504 R.
1152 4443 1295 4504 737.
1352 4439 1493 4504 Eur.
1542 4439 1683 4504 Hel.
1731 4441 1872 4502 112.
1920 4438 2073 4502 ἑπτὰ
2120 4439 2350 4522 σχεδόν
2394 4464 2447 4503 τι
2492 4441 2856 4521 καρπίμους

400 4533 560 4595 ἐτῶν
604 4530 900 4601 κύκλους.
951 4531 1104 4594 Plat.
1151 4530 1380 4593 Phaed.
1416 4533 1499 4593 59
1532 4533 1608 4592 A.
1656 4529 1885 4610 σχεδόν
1930 4554 1983 4592 τι
2029 4530 2216 4593 οὕτω.
2265 4529 2400 4592 Ion.
2436 4530 2581 4592 534.
2628 4531 2857 4612 σχεδόν

2346 4637 2430 4698 5*
