3463 5287
638 319 775 388 '182
1566 343 1819 388 omnpus
1865 342 2165 388 commus

647 503 715 567 ἐν
760 503 859 567 σοὶ
906 504 1026 585 γάρ
1052 498 1276 585 Ιἐσμεν.
1343 504 1440 585 Aj.
1491 504 1636 567 519.
1701 504 1770 567 ἐν
1815 501 1915 567 σοὶ
1960 504 2108 566 πᾶσ’
2155 503 2357 584 ἔγωγε
2402 496 2709 584 σώζομαι.
2758 500 2908 564 Eur.
2959 500 3113 564 Alo.

625 593 796 655 289.
843 591 1091 655 Heliod.
1136 592 1185 656 I.
1235 594 1292 655 2.
1339 593 1407 655 ἐν
1453 591 1552 655 σοὶ
1595 591 1669 655 τὰ
1716 592 1841 674 ἐμὰ
1889 631 1972 638 -
2020 591 2348 665 σώζεσθαί
2385 615 2449 655 τε
2494 591 2602 654 καὶ
2644 591 2754 674 μή.

828 683 974 744 248.
1022 679 1308 764 νεύσατε]
1384 681 1748 761 Adnuite,
1821 681 2239 745 concedite.
2335 679 2425 745 Cf.
2483 678 2594 743 Ph.
2650 680 2800 743 484.
2873 684 3114 743 νεῦσον

647 769 811 852 πρὸς
855 764 1051 833 αὐτοῦ
1100 769 1310 853 Ζηνὸς
1372 771 1634 843 ἱκεσίου,
1697 772 1935 844 τέκνον,
1982 771 2283 853 πείσθητι.
2333 769 2481 833 Eur.
2528 770 2664 833 Alo.
2716 770 2862 832 978.
2909 767 3114 832 Hom.

649 860 786 925 Cer.
835 861 982 923 445.
1047 865 1228 923 νεῦσε
1293 860 1364 923 δέ
1408 861 1471 923 οῖ
1513 860 1777 943 κούρην.
1826 856 2017 923 Arist.
2062 858 2169 921 Th.
2227 860 2410 922 1020.
2457 858 2861 931 κατάνευσον,
2908 859 3115 922 ἔασον

649 950 742 1020 ὡς
788 949 1052 1031 γυναῖκά
1097 948 1168 1031 μ’
1215 948 1435 1012 ἐλθεῖν.
1484 949 1668 1012 Hom.
1717 948 1788 1013 Il.
1838 952 1896 1029 8,
1944 950 2089 1011 246.

830 1038 976 1101 249.
1022 1037 1341 1121 ἀδόκητον
1404 1038 1610 1121 χάριν]
1677 1036 1767 1100 Cf.
1823 1037 1971 1100 Eur.
2028 1038 2162 1102 Ion.
2227 1038 2413 1101 1452.
2491 1037 2806 1121 ἀδόκητος
2879 1036 3112 1099 ἀδονά.

649 1126 802 1190 Eur.
852 1127 949 1191 Fr.
997 1128 1143 1208 364,
1193 1128 1293 1190 31.
1341 1127 1600 1209 ἀδόκητ’
1647 1127 2127 1210 εὐτυχησάντων
2174 1127 2415 1209 δόμων.
2472 1126 2614 1215 Hel.
2664 1126 2809 1189 657.
2858 1125 3110 1209 ἀδόκη-

650 1240 760 1280 τον
804 1217 934 1299 ἔχω
982 1239 1052 1279 σε
1096 1215 1260 1298 πρὸς
1303 1217 1598 1298 στέρνοις.

831 1306 977 1368 250.
1024 1306 1188 1386 πρός
1251 1305 1307 1368 o’
1355 1306 1396 1367 ὅ
1437 1330 1492 1368 τι
1555 1329 1655 1370 σοι
1718 1305 1905 1388 φίλον
1957 1304 2070 1389 -]
2138 1306 2230 1370 Cf.
2284 1306 2472 1369 1333.
2538 1301 2637 1385 Aj.
2686 1305 2832 1367 492.
2891 1305 3005 1368 καί
3047 1305 3113 1367 σ’

652 1395 924 1468 ἀντιάζω
969 1395 1134 1477 πρός
1176 1395 1226 1456 τ’
1275 1395 1561 1477 ἐφεστίου
1609 1394 1759 1465 Διὸς
1805 1433 1917 1456 --.
1961 1395 2059 1457 Τι’.
2106 1395 2253 1458 436.
2301 1395 2462 1458 Phil.
2510 1394 2659 1457 468.
2706 1392 2857 1458 Eur.
2889 1392 3112 1477 Suppl.

654 1486 802 1547 288.
848 1482 1011 1564 πρός
1057 1508 1126 1547 σε
1173 1482 1517 1566 γενειάδος,
1564 1482 1623 1547 ὦ
1669 1484 1878 1567 φίλος,
1912 1521 1996 1530 -
2036 1485 2328 1565 ἄντομαι,
2380 1484 2845 1566 ἀμφιπίτνουσα
2891 1482 2946 1545 τὶ
2990 1483 3114 1545 σὸν

654 1573 808 1655 γόνυ
859 1609 967 1634 —-.
1012 1573 1166 1635 Eur.
1215 1573 1452 1641 Phoen.
1503 1575 1647 1636 923.
1693 1573 1785 1656 μὴ
1833 1573 1997 1655 πρός
2044 1597 2114 1637 σε
2159 1574 2464 1655 γονάτων.
2511 1572 2675 1637 Med.
2728 1573 2873 1635 704.
2919 1572 3107 1635 ἄντο-

626 1720 631 1723 .
652 1663 774 1744 μαί
813 1685 883 1725 σε
925 1662 1115 1744 τῆσδε
1158 1661 1323 1744 πρὸς
1368 1663 1702 1744 γενειάδος.
1759 1663 1897 1726 Alc.
1949 1663 2136 1725 1108.
2191 1662 2282 1746 μὴ
2330 1661 2494 1745 πρός
2538 1685 2608 1725 σε
2652 1667 2764 1725 τοῦ
2810 1661 3110 1742 σπείραν-

654 1775 761 1821 τος
823 1752 1089 1833 ἄντομαι
1153 1750 1317 1821 Διός.
1382 1746 1518 1834 Iph.
1576 1753 1651 1816 A.
1705 1752 1892 1814 1234.
1961 1752 2156 1817 Andr.
2208 1753 2353 1816 921.
2419 1750 2607 1815 Hom.
2674 1750 2746 1813 ll.
2796 1752 2909 1830 22,
2958 1752 3111 1814 338.

655 1840 898 1922 λίσσομ’
944 1839 1105 1923 ὑπὲρ
1151 1846 1367 1923 ψυχῆς
1411 1840 1521 1904 καὶ
1566 1841 1820 1922 γούνων
1867 1846 2001 1904 σῶν
2044 1865 2108 1905 τε
2153 1842 2407 1923 τοκήων
2455 1878 2565 1903 -.
2703 1839 2795 1924 σ’]
2847 1838 2942 1904 De
2990 1859 3114 1902 nu·

656 1930 817 1993 meri
865 1929 1214 1993 mutatione
1261 1930 1334 1993 of.
1385 1928 1479 1992 El.
1534 1931 1720 1993 1399.

836 2021 982 2082 251.
1030 2019 1097 2081 λέ
1141 2017 1243 2101 ος]
1294 2018 1515 2082 Uxor.
1595 2018 1684 2082 Cf.
1731 2019 1828 2082 Tr.
1879 2020 2024 2082 360.
2088 2019 2366 2101 κρύφιον
2429 2020 2522 2088 ὡς
2576 2020 2711 2101 ἔχοι
2755 2018 2955 2100 λέχος.
3005 2020 3112 2080 27.

655 2108 839 2190 λέχος
885 2107 1005 2190 γὰρ
1042 2106 1101 2169 Ἰ
1128 2108 1351 2190 ρακλεῖ
1387 2107 1602 2188 κριτὸν
1641 2109 1651 2191 Ι
1691 2111 1967 2181 ξυστᾶσα
2019 2145 2128 2170 -.
2181 2110 2367 2171 1227.
2416 2109 2515 2190 Α]“.
2565 2110 2712 2170 211.

835 2198 982 2259 252.
1029 2196 1119 2261 Cf.
1166 2196 1261 2259 ΕΙ.
1310 2197 1456 2260 696.
1512 2197 1665 2260 ὅταν
1721 2198 1794 2261 δέ
1836 2223 1924 2268 τις
1967 2198 2145 2261 θεῶν
2185 2198 2192 2279 Ι
2232 2197 2505 2280 βλάπτῃ,
2563 2196 2796 2260 δύναιτ’
2842 2198 2922 2259 ἂν
2969 2196 3112 2260 οὐδ’

656 2289 735 2349 ἂν
781 2286 1020 2368 ἰσχύων
1073 2292 1310 2368 φυγεῖν.
1376 2286 1569 2350 Arist.
1618 2282 1710 2351 Pl.
1765 2288 1907 2350 104.
1973 2287 2051 2350 οὗ
2118 2286 2238 2369 γὰρ
2302 2287 2585 2369 εὑρήσεις
2649 2286 2808 2367 ἐμοῦ
2850 2286 2861 2368 Ι
2901 2287 3115 2367 ζητῶν

657 2376 739 2439 ἔτ’
803 2374 1007 2457 ἄνδρα
1071 2373 1217 2445 τοὺς
1280 2374 1557 2457 τρόπους
1617 2376 1918 2459 βελτίονα.
1994 2376 2180 2439 Hom.
2227 2375 2299 2438 Il.
2352 2377 2462 2457 14,
2511 2377 2611 2438 58.
2677 2374 2819 2439 οὐδ’
2884 2377 2964 2438 ἂν
3027 2376 3116 2438 ἔτι

657 2465 869 2547 γνοίης
912 2463 1084 2546 μάλα
1131 2488 1252 2547 περ
1299 2465 1684 2538 σκοπιάζων.

838 2555 984 2616 254.
1033 2553 1104 2617 σέ
1146 2551 1198 2615 τ’
1246 2554 1315 2626 ἐξ
1359 2554 1498 2617 ἴσου
1549 2591 1631 2599 ——
1679 2554 1788 2617 καὶ
1831 2554 2045 2638 τόνδε]
2095 2554 2186 2618 Cf.
2235 2554 2314 2617 ad
2362 2555 2512 2617 810.

837 2643 983 2707 260.
1030 2643 1541 2729 θεοσεβεστάτας]
1574 2642 1661 2707 Cf.
1692 2645 1912 2709 Aesch.
1935 2643 2117 2708 Eum.
2139 2646 2286 2707 831.
2317 2645 2537 2728 χώρας
2566 2649 2894 2726 μετασχεῖν
2924 2643 3115 2726 τῆσδε

657 2733 1157 2815 θεοφιλεστάτης.
1192 2733 1383 2796 Arist.
1413 2733 1528 2815 Eq.
1556 2736 1701 2796 582.
1733 2740 1844 2815 τῆς
1882 2734 2219 2816 ἰερωτάτης
2257 2770 2334 2779 —-
2368 2734 2589 2816 χώρας
2629 2734 2925 2812 (Athen.).
2968 2733 3113 2797 Pae.

660 2823 807 2886 976.
838 2822 951 2905 τὴν
981 2822 1155 2904 ἱερὰν
1185 2822 1381 2885 πόλιν.
1415 2822 1639 2906 Eupol.
1664 2824 1810 2885 307.
1842 2823 2024 2886 πόλιν
2062 2847 2131 2904 γε
2161 2822 2648 2905 θεοφιλεστάτην
2673 2819 2679 2908 Ι
2705 2824 2989 2886 οἰκοῦσιν
3013 2860 3113 2884 -.

839 2911 983 2973 261.
1033 2910 1124 2974 Cf.
1172 2909 1351 2977 Dem.
1399 2932 1455 2994 p.
1507 2913 1650 2975 196.
1709 2911 1906 2985 δόξαν
1951 2912 2211 2994 ἔχοντας
2255 2917 2365 2975 τοῦ
2413 2913 2639 2985 σώζειν
2683 2911 2832 2982 τοὺς
2877 2912 3111 2994 ἀτυχή-

659 3023 886 3070 σαντας
931 3000 1040 3063 ἀεί.
1089 3021 1144 3084 p.
1194 3002 1340 3064 247.
1388 3001 1613 3064 Aesch.
1663 3020 1713 3063 c.
1764 3000 1927 3066 etos.
1966 3021 2023 3084 p.
2061 3003 2161 3083 72,
2194 3003 2295 3064 38.
2342 3000 2534 3064 Isoor.
2574 3001 2808 3084 Paneg.
2842 3022 2900 3085 p.
2936 3003 3016 3064 51
3049 2999 3114 3065 C.

659 3089 739 3152 ad
787 3089 945 3152 Phil.
991 3110 1051 3173 p.
1099 3090 1228 3152 410
1262 3088 1337 3152 D.
1386 3089 1535 3152 Eur.
1581 3088 1731 3154 Her.
1783 3092 1927 3153 329.
1994 3090 2093 3153 ἀεί
2149 3091 2306 3153 ποθ’
2371 3090 2488 3172 ἥδε
2553 3096 2698 3172 γαῖα
2752 3096 2881 3160 τοῖς
2945 3090 3113 3172 ἀμη-

658 3177 875 3261 χάνοις
915 3178 924 3261 Ι
966 3178 1080 3242 σὺν
1134 3186 1225 3261 τῷ
1282 3180 1508 3261 δικαίῳ
1560 3180 1849 3263 βούλεται
1903 3179 2367 3262 προσωφελεῖν·
2410 3181 2420 3260 Ι
2459 3179 2677 3262 τοιγὰρ
2732 3181 2975 3249 πόνους
3033 3179 3113 3263 δὴ

657 3269 927 3350 μυρίους
971 3267 1132 3349 ὑπὲρ
1180 3269 1384 3349 φίλων
1424 3270 1431 3351 Ι
1474 3271 1724 3351 ἤνεγκε,
1772 3269 1880 3332 καὶ
1924 3275 2038 3332 νῦν
2083 3268 2252 3332 τόνδ’
2300 3268 2498 3350 ἀγῶν’
2531 3270 2670 3350 ὁρῶ
2707 3269 2918 3339 πέλας.
2972 3270 3116 3332 177.

661 3358 850 3420 Arist„
898 3357 991 3421 Pl.
1045 3359 1231 3421 1027.
1277 3359 1466 3421 Thuc.
1506 3358 1609 3422 VI.
1649 3360 1745 3423 18.
1794 3359 1904 3442 τήν
1951 3382 2014 3421 τε
2060 3358 2264 3441 ἀρχὴν
2311 3359 2516 3428 οὕτως
2562 3359 2969 3440 ἐκτησάμεθα
3005 3395 3115 3420 -.

840 3448 986 3509 262.
1034 3446 1273 3530 ἀρκεῖν]
1323 3445 1550 3530 Opem
1596 3448 1813 3511 ferre.
1890 3447 1979 3510 Cf.
2030 3446 2123 3510 ΕΙ.
2173 3449 2318 3510 322.
2367 3448 2581 3530 ἀρκεῖν
2626 3448 2847 3530 φίλοις.

845 3535 991 3598 263.
1038 3542 1166 3600 ποῦ
1211 3535 1380 3599 ταῦτ’
1427 3536 1609 3620 ἐστὶν]
1667 3536 1759 3600 Cf.
1808 3536 1955 3600 Eur.
2006 3536 2243 3600 Phoen.
2295 3538 2439 3599 548.
2496 3536 2573 3600 σὺ
2633 3536 2689 3599 δ’
2738 3537 2858 3600 οὐκ
2915 3521 3120 3610 ἀνέξει

663 3625 985 3706 δωμάτων
1030 3627 1200 3706 ἔχων
1245 3627 1381 3689 ἴσον
1421 3625 1430 3708 Ι
1470 3625 1577 3688 καὶ
1631 3626 1784 3707 τῷδ’
1832 3626 2200 3707 ἀπονεμεῖς,·
2256 3625 2417 3708 κᾷτα
2474 3632 2603 3689 ποῦ
2655 3626 2801 3689 ’στὶν
2847 3628 2886 3708 ἡ
2937 3626 3120 3708 δίκη,-

666 3715 854 3777 1702.
902 3715 939 3777 ὁ
988 3715 1044 3777 δ’
1100 3714 1403 3784 Οἰδίπους
1448 3721 1576 3778 ποῦ
1624 3715 1730 3778 καὶ
1775 3714 1849 3777 τὰ
1896 3714 2082 3777 κλείν’
2115 3716 2479 3797 αἰνίγματα,·
2530 3715 2676 3778 Eur.
2720 3714 2933 3799 Suppl.
2974 3717 3119 3778 127.

620 3841 625 3846 -
659 3803 729 3866 τὸ
778 3803 837 3866 δ’
870 3802 1102 3884 Ἄργος
1147 3804 1295 3885 ὑμῖν
1325 3810 1452 3867 ποῦ
1491 3805 1652 3876 ’στιν,
1700 3807 1740 3887 ἢ
1773 3803 2016 3885 κόμποι
2044 3805 2285 3886 μάτην,·
2331 3804 2520 3868 Hero.
2555 3806 2740 3866 1418.
2878 3805 3118 3888 οἵτινες]

664 3893 835 3955 Ante
900 3893 1020 3955 hoe
1084 3893 1504 3976 supplendum
1570 3894 1684 3975 ἀφ’
1750 3895 1953 3973 ὑμῶν.
2042 3891 2128 3956 Cf.
2176 3893 2337 3957 Phil.
2392 3894 2578 3956 1363.
2644 3899 2806 3976 χρῆν
2871 3894 2993 3975 γάρ
3050 3917 3121 3956 σε

660 3980 807 4063 μήτ’
853 3980 1046 4044 αὐτόν
1102 3982 1242 4044 ποτ’
1299 3983 1363 4052 ἐς
1413 3981 1642 4065 Τροίαν
1685 3983 1903 4064 μολεῖν
1944 3981 1952 4065 Ι
2003 3984 2174 4064 ἡμᾶς
2227 3981 2278 4044 τ’
2326 3983 2658 4064 ἀπείργειν,
2715 3983 2788 4046 οἵ
2832 3983 2902 4063 γε’
2947 3983 3017 4063 (i.
3067 4002 3120 4046 e.

663 4070 792 4132 ἀπὸ
855 4070 1098 4134 τούτων
1163 4073 1258 4153 οἳ)
1312 4094 1429 4134 σου
1485 4072 1903 4154 καθύβρισαν.
1962 4073 2060 4154 Aj.
2109 4072 2256 4134 457.
2322 4073 2434 4134 καί
2492 4078 2606 4135 νῦν
2669 4072 2727 4133 τί
2784 4071 2907 4154 χρὴ
2959 4071 3121 4154 δρᾶν

663 4161 768 4241 (se.
814 4161 946 4241 με),·
994 4160 1160 4230 ὅστις
1206 4166 1320 4224 ete.
1370 4160 1545 4224 Paul.
1595 4160 1792 4244 Epist.
1843 4161 2110 4244 Philipp.
2142 4160 2253 4224 IV.
2289 4163 2344 4223 3.
2393 4160 2839 4242 συλλαμβάνου
2886 4160 3120 4233 αὐταῖς,

662 4249 882 4320 αἵτινες
946 4249 1372 4332 συνήθλησαν.
1448 4251 1586 4313 Act.
1644 4253 1861 4333 Apost.
1918 4249 2130 4313 XVII.
2193 4251 2290 4312 11.
2357 4250 2571 4319 οἵτινες
2644 4250 2938 4323 ἐδέξαντο
3011 4247 3122 4312 τὸν

663 4338 868 4419 λόγον.
947 4338 1189 4402 Similis
1237 4338 1316 4401 ad
1362 4340 1920 4421 interrogationem
1969 4340 2299 4402 conversio
2348 4345 2442 4402 est
2488 4338 2646 4400 Phil.
2700 4340 2887 4402 1365.

845 4429 990 4491 264.
1040 4425 1404 4513 ἐξάραντες]
1438 4426 1743 4513 Having
1773 4428 2140 4492 removed.
2185 4427 2235 4491 I.
2270 4448 2327 4511 q.
2360 4428 2831 4514 ἀναστήσαντες.
2965 4426 3119 4513 εἶτα]
