3463 5287
637 351 767 414 218
1559 370 1810 416 campus
1857 370 2164 416 comanus

638 528 780 592 Pac.
816 529 960 592 608.
1006 530 1164 612 μήτε
1211 536 1326 612 γῆς
1369 531 1526 613 μήτε
1571 530 1847 612 λιμένων
1892 532 2187 594 Ἀττικῶν
2233 530 2464 602 αὐτοὺς
2510 531 2859 613 ἐπιβαίνειν.
2937 533 3090 597 Usi-

637 618 823 682 tatior
870 618 1101 682 locutio
1149 624 1246 683 est
1290 619 1686 702 ἐπεμβαίνειν
1731 620 1844 683 τινὶ
1889 618 1982 683 ΕΙ.
2017 620 2166 683 456.
2198 621 2345 683 835.
2424 619 2731 685 Similiter
2773 645 3088 705 προστυγ-

633 708 844 790 χάνειν
889 731 1052 779 τινος
1097 705 1192 770 ΕΙ.
1244 709 1431 772 1463.
1479 709 1593 773 Ρ11.
1643 710 1788 773 552.

817 816 962 878 927.
1009 815 1216 878 εἷλκον
1264 853 1345 861 -
1395 814 1578 899 ἦγον]
1654 815 1745 880 Cf.
1803 817 2074 899 Appian.
2131 815 2202 879 B.
2252 817 2316 882 C.
2373 816 2486 881 IH.
2540 817 2639 881 77.
2714 818 2886 899 ἄγειν
2950 819 3086 883 ἐκέ-

634 906 850 969 λευσεν
895 905 1206 976 ἕλκοντας.
1255 905 1481 969 Achill.
1527 906 1654 970 Tat.
1704 904 1879 970 VIII.
1918 907 2015 969 14.
2051 907 2107 969 5.
2154 905 2262 969 τὸν
2309 905 2431 989 γὰρ
2476 905 2834 989 Σωσθένην
2879 908 3088 972 εἷλκον

634 996 906 1077 ἄγοντες.
1044 994 1178 1058 ἀλλ’
1225 994 1605 1078 ἠπιστάμην]
1655 992 2178 1058 Subaudiendum
2212 997 2306 1059 ἄν.
2385 995 2473 1059 Cf.
2510 996 2656 1059 996.
2704 995 2878 1060 etad
2910 995 2980 1060 O.
3016 997 3087 1061 R.

637 1085 783 1149 936.
831 1083 1023 1148 Arist.
1069 1082 1185 1166 Eq.
1239 1085 1427 1147 1057.
1475 1083 1607 1147 ἀλλ’
1656 1084 1777 1147 οὐκ
1824 1085 1904 1147 ἂν
1947 1086 2315 1168 μαχέσαιτο·
2372 1086 2620 1168 χέσαιτο
2668 1083 2815 1169 γὰρ,
2864 1087 2923 1149 εἶ
2959 1110 3085 1168 μα-

634 1174 900 1257 χέσαιτο.
947 1173 1103 1238 Plat.
1153 1173 1290 1237 Per.
1324 1175 1425 1237 34.
1475 1174 1595 1237 οὐκ
1641 1175 1722 1237 ἂν
1755 1211 1837 1219 --
1869 1175 2262 1256 προύβησαν,
2311 1174 2467 1238 ἀλλὰ
2512 1175 2755 1257 ταχέως
2800 1175 3086 1239 ἀπεῖπον.

816 1281 961 1344 930.
1007 1280 1119 1364 τὴν
1165 1280 1354 1352 αὐτὸς
1399 1280 1626 1366 αὑτοῦ]
1692 1280 1952 1346 Poetice
2007 1282 2281 1365 positum
2337 1300 2450 1365 pro
2505 1282 2620 1365 τὴν
2665 1280 2854 1353 αὐτὸς
2899 1306 3085 1346 σεαυ-

633 1376 761 1437 τοῦ.
841 1370 932 1434 Cf.
995 1371 1184 1433 1356.
1233 1369 1406 1435 O.R.
1470 1371 1612 1434 138.
1667 1371 1855 1434 1237.
1922 1369 2016 1433 ΕΙ.
2066 1372 2213 1434 285.
2283 1371 2384 1452 Aj.
2437 1372 2624 1434 1132.
2690 1372 2918 1436 Aeseh.
2967 1373 3085 1456 Ag.

636 1461 782 1523 836.
835 1466 957 1530 τοῖς
1000 1459 1054 1523 τ’
1100 1459 1290 1531 αὐτὸς
1335 1461 1530 1524 αὑτοῦ
1576 1461 1859 1543 πήμασιν
1903 1460 2255 1543 βαρύνεται.
2313 1458 2462 1523 Eur.
2513 1460 2646 1524 Alc.
2695 1461 2843 1523 461.
2890 1462 3086 1524 Arist.

636 1548 750 1634 Eq.
806 1550 992 1612 1349.
1070 1547 1193 1613 Sed
1241 1550 1434 1614 Arist.
1480 1547 1625 1631 LyS.
1663 1551 1851 1614 1125.
1899 1551 2054 1632 αὐτή
2102 1551 2153 1612 τ’
2201 1551 2476 1633 ἐμαυτῆς
2523 1550 2602 1613 ού
2647 1555 2872 1621 κακῶς
2918 1552 3084 1632 γνώ-

631 1663 760 1722 μης
815 1640 962 1722 ἔχω.
1026 1639 1280 1702 Timool.
1330 1639 1388 1719 6,
1438 1639 1537 1702 19.
1603 1638 1871 1703 Philem.
1924 1640 2066 1722 134,
2114 1641 2171 1702 2.
2250 1638 2556 1703 Similiter
2602 1640 2829 1703 Aesch.
2877 1639 3086 1703 Prom.

636 1731 782 1792 284.
846 1727 1010 1810 πρὸς
1073 1727 1277 1791 ἄλλοτ’
1341 1728 1531 1792 ἄλλον
1593 1728 1852 1811 πημονὴ
1918 1729 2262 1803 καθιζάνει.
2331 1730 2475 1792 921.
2529 1733 2700 1792 τοῖον
2744 1728 3089 1812 παλαιστὴν

633 1824 748 1882 νῦν
792 1819 1334 1900 παρασκευάζεται
1375 1817 1383 1899 Ι
1424 1818 1524 1880 ἐπ’
1571 1817 1761 1888 αὐτὸς
1792 1819 1983 1899 αύτῷ.
2031 1817 2268 1882 Herod.
2293 1817 2342 1880 I.
2371 1819 2470 1880 51.
2518 1823 2647 1881 τῶν
2676 1842 2766 1888 τις
2798 1818 3084 1901 Δελφῶν.

723 1908 761 1971 ό
814 1907 1129 1991 πληθύων
1182 1904 1446 1992 χρόνος]
1523 1905 1612 1969 Cf.
1672 1908 1817 1970 377.
1882 1908 1976 1978 ῶς
2037 1906 2193 1971 καθ’
2257 1909 2428 1990 ἡμᾶς
2481 1906 2622 1970 ἔσθ’
2680 1907 2718 1970 ὁ
2771 1907 3088 1991 πληθύων

634 1997 837 2079 λόγος.
889 1997 1112 2062 Aesch.
1162 1997 1279 2081 Ag.
1329 1997 1475 2059 869.
1523 1996 1616 2067 ὡς
1662 1997 1989 2079 ἐπλήθυον
2033 1996 2224 2078 λόγοι.

816 2106 961 2168 931.
1009 2103 1299 2188 γέρονθ’]
1349 2103 1439 2167 Cf.
1472 2105 1620 2167 Ant.
1655 2105 1802 2167 281.
1846 2103 1937 2186 μὴ
1992 2104 2335 2187 ’φευρεθῇς
2379 2105 2574 2174 ἄνους
2617 2128 2682 2167 τε
2726 2104 2834 2167 καὶ
2879 2105 3089 2187 γέρων
3141 2170 3149 2174 ,

634 2197 786 2276 ἅμα.
835 2192 906 2255 O.
939 2194 1011 2257 R.
1061 2194 1207 2257 402.
1255 2194 1447 2258 Arist.
1483 2192 1596 2275 Eq.
1636 2194 1824 2256 1349.
1881 2193 2150 2275 ἀνόητος
2184 2232 2265 2239 -
2297 2192 2406 2256 καὶ
2453 2194 2675 2275 γέρων.
2810 2199 2923 2257 τοῦ
2970 2200 3086 2257 νοῦ

634 2282 843 2365 κενόν]
910 2282 1000 2347 Of.
1048 2282 1146 2346 Fr.
1195 2284 1343 2364 843,
1389 2284 1446 2345 2.
1512 2284 1731 2365 ἥσσων
1793 2281 1913 2365 μὲν
1969 2283 2164 2365 ὀργῆς
2221 2284 2369 2355 ἔστι,
2434 2288 2547 2345 τοῦ
2606 2282 2676 2346 δὲ
2720 2288 2838 2346 νοῦ
2884 2283 3085 2353 κενός.

637 2372 728 2436 ΕΙ.
778 2372 925 2436 403.
972 2378 1088 2435 νοῦ
1138 2409 1219 2418 —-
1267 2373 1437 2455 κενή.
1486 2373 1635 2435 Ant.
1687 2372 1832 2434 754.
1880 2377 2138 2454 φρενῶν
2185 2409 2267 2417 —-
2315 2371 2516 2442 κενός.

816 2463 961 2524 932.
1009 2460 1208 2545 εἷπον]
1257 2462 1305 2525 Ι.
1354 2481 1411 2543 q.
1458 2461 1781 2533 ἐκέλευσα,
1837 2461 2095 2524 κελεύω.
2141 2460 2235 2524 ΕΙ.
2283 2462 2470 2524 1456.
2519 2460 2556 2544 ἦ
2604 2461 2806 2524 πολλὰ
2852 2462 3088 2544 χαίρειν

632 2550 703 2633 μ’
751 2550 928 2621 εἶπας
975 2551 1094 2614 οὐκ
1142 2550 1485 2621 εἰωθότως.
1536 2550 1694 2614 Phil.
1749 2551 1890 2613 101.

816 2641 962 2704 934.
1010 2638 1115 2704 Sic
1147 2641 1467 2723 Artames,
1519 2641 1629 2723 qui
1668 2638 1988 2705 Salamine
2035 2641 2251 2724 periit,
2296 2640 2536 2705 ironice
2570 2639 2849 2723 σκληρᾶς
2878 2641 3086 2723 μέτοι-

634 2755 750 2802 κος
815 2736 930 2813 γῆς
995 2731 1233 2795 dicitur
1297 2731 1519 2794 Aesch.
1577 2729 1749 2795 Pers.
1809 2732 1955 2792 324.
2103 2730 2305 2794 Schol.
2369 2731 2703 2812 μετοίκους
2768 2730 2890 2813 γὰρ
2955 2730 3088 2795 εἷπε

636 2820 760 2900 (ἐπὶ
814 2819 1043 2883 Blomf.
1092 2819 1171 2883 ad
1222 2822 1336 2903 Ag.
1388 2820 1511 2901 57.)
1585 2824 1714 2883 τῶν
1769 2820 2042 2903 ὑψηλῶν
2113 2820 2331 2883 τόπων
2403 2818 2550 2890 τοὺς
2625 2819 2898 2890 οἰωνοὺς
2962 2821 3096 2883 ἐκεῖ

516 2919 531 2930 ·
635 2910 816 2993 (λέγει
862 2910 968 2990 id.)
1017 2946 1128 2972 -.

816 3019 961 3081 936.
1009 3017 1138 3081 ἀπὸ
1184 3024 1293 3100 τῆς
1339 3018 1627 3100 γλώσσης
1673 3016 1872 3100 λέγω]
1939 3015 2030 3080 Cf.
2078 3018 2304 3082 Aesch.
2352 3020 2470 3099 Ag.
2521 3018 2666 3080 813.
2726 3017 2905 3087 ὀίκας
2966 3015 3088 3099 γὰρ

637 3109 757 3172 οῦκ
823 3106 952 3171 ἀπὸ
1018 3108 1306 3190 γλώσσης
1371 3107 1512 3170 θεοὶ
1551 3107 1561 3190 Ι
1601 3107 1893 3177 κλύοντες
1942 3113 2055 3170 etc.
2129 3107 2316 3170 1620.
2381 3105 2511 3169 ἀπὸ
2558 3106 2870 3189 φθογγῆς.
2939 3105 3087 3169 Eur.

640 3198 865 3262 Bacch.
918 3197 1107 3260 1049.
1154 3198 1227 3259 τά
1273 3199 1324 3259 τ’
1371 3197 1443 3261 ἐκ
1490 3197 1717 3260 ποόῶν
1772 3194 1992 3279 σιγηλὰ
2050 3196 2157 3259 καὶ
2204 3196 2492 3278 γλώσσης
2539 3194 2668 3258 ἀπὸ
2710 3199 2717 3277 Ι
2759 3197 3085 3270 σώζοντες.

637 3287 898 3350 Hesiod.
947 3286 1061 3370 Op.
1097 3288 1243 3349 322.
1291 3285 1421 3350 ἀπὸ
1470 3286 1758 3368 γλώσσης
1789 3285 2111 3368 ληΐσσεται.
2157 3285 2429 3368 Theogn.
2471 3285 2572 3347 63.
2621 3284 2750 3348 ἀπὸ
2799 3286 3088 3367 γλώσσης

634 3376 817 3458 φίλος
862 3375 1030 3439 εἶναι.
1075 3375 1267 3439 Thuc.
1302 3375 1445 3438 VII.
1484 3376 1579 3438 10.
1629 3375 1748 3439 ὅσα
1794 3400 1859 3438 τε
1904 3374 2033 3438 ἀπὸ
2080 3375 2370 3458 γλώσσης
2401 3376 2607 3457 εἴρητο
2639 3375 2850 3445 αὐτοῖς
2895 3373 3088 3438 εἶπον.

635 3464 870 3529 Herod.
917 3464 965 3529 l.
1021 3466 1161 3528 123.
1228 3465 1651 3546 ἐντειλάμενός
1717 3465 1779 3528 οἱ
1842 3464 1971 3527 ἀπὸ
2019 3465 2324 3547 γλώσσης.
2390 3463 2554 3527 Xen.
2604 3462 2825 3547 Symp:
2865 3463 2979 3529 III.
3030 3466 3087 3526 5.

627 3553 859 3617 Ἰλιάόα
907 3554 1062 3637 ὅλην
1111 3591 1194 3600 —-
1243 3553 1372 3617 ἀπὸ
1419 3554 1729 3636 στόματος
1786 3555 1991 3617 εἰπεῖν.
2059 3554 2213 3618 Plat.
2259 3553 2508 3618 Theaet.
2564 3555 2704 3616 143.
2771 3552 2901 3616 ἀπὸ
2947 3553 3086 3616 στό-

634 3668 849 3727 ματος.
916 3643 1080 3707 Plut.
1127 3643 1338 3707 Them.
1389 3646 1444 3706 5.
1510 3644 1778 3706 ἑκάστου
1842 3648 1971 3706 τῶν
2034 3644 2307 3707 πολιτῶν
2370 3645 2651 3725 τοῦνομα
2709 3642 2914 3723 λέγων
2959 3640 3089 3704 ἀπὸ

637 3733 962 3814 στόματος.
1030 3732 1101 3797 Ο.
1133 3734 1205 3797 R.
1255 3734 1400 3796 528.
1467 3734 1535 3806 ἐξ
1598 3733 1807 3815 ὀρθῆς
1871 3732 2122 3814 φρενός.
2197 3733 2421 3796 Aesoh.
2470 3731 2635 3814 Sept„
2687 3732 2832 3794 873.
2900 3731 3089 3801 δόλος

637 3823 844 3894 οὐδεὶς
885 3822 893 3904 Ι
933 3823 1025 3906 μὴ
1095 3822 1152 3886 ’κ
1217 3822 1453 3905 φρενὸς
1517 3822 1741 3903 ὀρθῶς
1794 3846 1876 3903 με
1931 3823 2234 3904 λιγαίνειν.
2302 3822 2448 3885 918.
2515 3820 2698 3884 Eum.
2747 3822 2893 3884 674.
2959 3819 3088 3883 ἀπὸ

637 3914 916 3995 γνώμης.
964 3912 1113 3975 Eur.
1163 3912 1259 3975 Fr.
1308 3913 1464 3993 412,
1497 3913 1552 3973 3.
1599 3910 1763 3975 τάπὸ
1809 3912 2076 3993 καρδίας
2121 3912 2261 3993 ἐρεῖ.
2312 3911 2501 3974 Arist.
2552 3909 2738 3994 Vesp.
2789 3910 2933 3972 656.
2981 3909 3086 3973 λό-

638 4025 800 4083 γισαι
849 4040 931 4047 -
980 4000 1109 4064 ἀπὸ
1156 4000 1379 4083 χειρός.
1430 4002 1676 4064 Arrian.
1725 4001 1931 4064 Anab.
1980 4001 2028 4064 I.
2078 4003 2178 4063 25.
2231 4003 2328 4063 13.

819 4111 964 4172 937.
1013 4109 1170 4190 ὁρᾷς
1232 4108 1310 4170 ἵν’
1375 4110 1547 4190 ἥκεις
1597 4108 1748 4192 -,·]
1818 4106 1908 4170 Cf.
1966 4107 2036 4170 O.
2068 4108 2139 4171 R.
2190 4109 2334 4169 953.
2401 4107 2622 4170 σκόπει
2687 4107 2903 4170 κλύων
2953 4106 2963 4188 Ι
3015 4103 3087 4169 τὰ

638 4197 813 4280 σέμν’
845 4199 920 4261 ἵν’
954 4200 1091 4280 ἥκει
1136 4203 1248 4260 τοῦ
1282 4199 1440 4261 θεοῦ
1481 4199 1902 4280 μαντεύματα.
1951 4196 2100 4259 Eur.
2134 4196 2298 4260 Med.
2332 4197 2480 4259 407.
2530 4197 2686 4278 ὁρᾷς
2716 4198 2756 4258 ἃ
2795 4196 3056 4278 πάσχεις
3067 4218 3090 4270 ;

638 4290 830 4352 Arist.
877 4287 1045 4351 Nub.
1094 4287 1239 4349 662.
2460 4296 2475 4323 ’

820 4379 964 4440 938.
1014 4375 1103 4440 Cf.
1150 4376 1247 4440 Fr.
1296 4378 1442 4440 844.
1490 4377 1776 4440 κλέπτων
1826 4376 1883 4439 δ’
1932 4377 2082 4440 ὅταν
2126 4400 2215 4447 τις
2262 4376 2570 4457 ἐμφανῶς
2616 4374 2952 4457 ἑφευρεθῇ.

819 4468 964 4534 939.
1012 4464 1141 4549 ἐγὼ
1188 4465 1353 4549 οὔτ’]
1401 4465 1490 4529 Cf.
1540 4467 1684 4530 998.
