3463 5287
688 421 817 483 212
1611 437 1863 484 omnms
1909 437 2213 483 commus

865 599 1011 661 805.
1058 597 1258 681 λῦμα]
1318 596 1843 682 opprobrium.
1934 596 2020 660 of.
2067 597 2293 661 Aesch.
2343 597 2551 660 Prom.
2604 599 2748 660 715.
2805 597 2956 660 Eur.
3001 596 3154 661 Tro,

688 689 832 751 588.
880 688 959 750 σύ
1003 712 1124 759 τοι,
1170 687 1317 769 λῦμ’
1355 687 1647 769 Ἀχαιῶν,
1695 688 1819 750 κτλ.
1867 687 2010 751 Hel.
2064 688 2249 750 1287.

866 776 1010 839 806.
1061 777 1313 859 γλώσσῃ
1362 775 1438 840 σὺ
1489 775 1721 860 δεινὸς]
1782 774 1871 838 Cf.
1925 777 2066 839 761.
2116 775 2185 840 O.
2219 775 2291 839 R.
2343 777 2487 838 545.
2544 777 2739 857 λέγειν
2795 774 2872 839 σὺ
2923 775 3151 845 δεινός.

689 865 798 927 Ph.
849 865 994 927 440.
1044 866 1295 948 γλώσσῃ
1346 866 1554 929 δεινοῦ
1601 864 1709 929 καὶ
1755 870 1979 947 σοφοῦ.

866 973 1011 1035 807.
1061 973 1129 1045 ἐξ
1174 974 1451 1043 ἅπαντος
1497 970 1566 1036 εὖ
1613 972 1805 1056 λέγει]
1857 973 1944 1035 Cf.
1999 972 2141 1035 761.
2196 972 2380 1035 1000.

865 1062 1011 1124 808.
1058 1062 1254 1143 χωρὶς
1302 1061 1420 1145 -]
1487 1061 1579 1126 Cf.
1641 1062 1873 1144 Adesp.
1933 1060 2030 1123 Fr.
2090 1061 2234 1124 560.
2308 1061 2507 1144 χωρὶς
2571 1060 2643 1123 τὰ
2710 1059 2961 1123 Μυσῶν
3034 1061 3148 1123 καὶ

695 1151 973 1232 Φρυγῶν
1020 1150 1343 1232 ὁρίσματα.
1410 1151 1639 1215 Aesch.
1688 1152 1805 1233 Ag.
1855 1150 2001 1212 637.
2058 1149 2255 1232 χωρὶς
2311 1152 2349 1232 ἡ
2398 1149 2541 1232 τιμὴ
2590 1150 2782 1212 θεῶν.
2841 1149 2942 1212 Pr.
2994 1150 3146 1213 927.

688 1238 834 1302 Eur.
884 1240 1020 1302 Alo.
1072 1241 1216 1301 528.
1265 1238 1399 1322 Iph.
1450 1242 1524 1302 A.
1575 1240 1720 1303 859.
1770 1239 1967 1322 χωρὶς
2012 1238 2177 1321 τάμὰ
2225 1239 2728 1321 κάγαμέμνονος.

866 1329 1011 1391 809.
1060 1328 1153 1398 ὡς
1202 1327 1279 1410 δὴ
1330 1327 1406 1391 σὺ
1456 1327 1572 1411 -]
1624 1327 1853 1404 Quasi
1922 1348 2095 1392 vero
2152 1334 2267 1392 etc.
2346 1328 2643 1411 Anglioe,
2708 1330 2809 1390 As
2873 1329 2934 1390 if
2989 1348 3142 1410 you

685 1416 1029 1481 forsooth
1079 1424 1192 1481 eto.
1271 1416 1359 1481 Cf.
1409 1417 1637 1481 Aesch.
1686 1420 1804 1499 Ag.
1859 1418 2044 1480 1633.
2103 1417 2195 1488 ὡς
2243 1417 2321 1499 δὴ
2371 1418 2449 1480 σύ
2494 1442 2606 1499 μοι
2651 1417 2958 1499 τύραννος
2994 1417 3140 1498 Ἀρ-

687 1507 872 1587 γείων
918 1507 1067 1577 ἔσει,
1116 1508 1187 1576 ὃς
1232 1506 1357 1569 κτλ.
1416 1504 1564 1569 Eur.
1614 1506 1811 1568 Andr.
1862 1508 2008 1569 233.
2074 1509 2130 1569 τί
2179 1507 2605 1588 σεμνομυθεῖς
2654 1544 2735 1552 —-
2784 1506 2877 1576 ὡς
2933 1505 3011 1588 δὴ
3061 1505 3143 1569 σὺ

686 1597 992 1677 σώφρων,
1049 1594 1215 1676 τάμὰ
1266 1596 1322 1657 δ’
1371 1595 1511 1676 οὐχὶ
1567 1596 1894 1677 σώφρονα.
1952 1595 2190 1658 Phoen.
2240 1597 2386 1659 887.
2435 1595 2527 1665 ὡς
2576 1595 2653 1678 δὴ
2703 1594 2897 1665 θεοὺς
2943 1595 3138 1657 ὑπεκ-

690 1685 1141 1766 δραμούμενοι.
1208 1684 1345 1747 Alc.
1406 1686 1551 1746 537.
1616 1684 1803 1746 1014.
1870 1683 2011 1748 Hel.
2077 1684 2263 1747 1044.
2329 1682 2517 1748 Horo.
2571 1684 2757 1747 1407.
2832 1683 3018 1747 Hom.
3069 1683 3141 1746 Il.

693 1776 747 1854 1,
801 1774 943 1836 110.
995 1773 1149 1836 Plat.
1201 1773 1385 1857 Gorg.
1436 1774 1564 1836 468
1597 1772 1668 1835 Ε.

869 1880 1015 1942 810.
1064 1881 1141 1942 οὐ
1192 1880 1342 1962 δῆθ’
1392 1879 1510 1964 —]
1575 1878 1818 1959 Redde,
1886 1879 2031 1944 Not
2085 1881 2361 1944 indeed
2406 1882 2483 1943 in
2534 1881 2657 1943 the
2705 1881 3017 1963 opinion
3069 1881 3151 1943 of

689 1971 835 2032 him
902 1968 1061 2030 who
1129 1968 1259 2031 has
1325 1989 1363 2031 a
1426 1969 1631 2031 mind
1697 1970 1856 2032 like
1921 1989 2170 2049 yourS.
2260 1970 2350 2033 of.
2405 1969 2501 2031 Tr.
2565 1970 2752 2031 1126.
2827 1971 2953 2051 ἔχει
3017 1968 3141 2051 γὰρ

686 2059 891 2127 οὕτως
956 2058 1116 2120 ὥστε
1178 2058 1269 2141 μὴ
1337 2063 1517 2141 σιγᾶν
1579 2061 1855 2140 πρέπειν.
1900 2061 1907 2140 Ι
1957 2057 2097 2120 ΗΡ.
2165 2059 2243 2121 οὗ
2310 2059 2464 2141 δῆτα
2528 2065 2657 2129 τοῖς
2721 2082 2790 2140 γε
2852 2059 3141 2140 πρόσθεν

692 2148 1173 2228 ἡμαρτημένοις.
1311 2148 1440 2229 ὅτῳ
1474 2146 1589 2230 -]
1639 2147 1730 2211 Of.
1765 2149 1912 2210 Ant.
1949 2148 2093 2210 904.
2140 2154 2267 2218 τοῖς
2298 2153 2648 2230 φρονοῦσιν
2679 2145 2764 2211 εὗ.
2813 2148 2912 2230 Aj.
2952 2149 3139 2210 1282.

775 2242 926 2304 νοῦς
973 2237 1105 2305 ἴσος
1150 2236 1257 2298 καὶ
1303 2236 1432 2320 σοὶ]
1483 2235 1571 2300 Cf.
1622 2238 1767 2299 254.
1817 2235 1887 2300 O.
1922 2235 1992 2298 R.
2038 2238 2181 2298 612.
2229 2238 2414 2319 φίλον
2461 2238 2746 2320 ἐκβαλεῖν
2792 2239 2927 2300 ἴσον
2972 2237 3139 2318 λέγω

685 2324 792 2386 καὶ
837 2325 945 2387 τὸν
991 2324 1144 2406 παρ’
1194 2326 1367 2405 αὑτῷ
1412 2326 1640 2407 βίοτον.
1694 2326 1882 2387 1187.
1931 2325 2024 2395 ὡς
2069 2327 2236 2407 ὑμᾶς
2283 2328 2383 2389 ἴσα
2431 2327 2538 2388 καὶ
2575 2326 2644 2389 τὸ
2689 2326 2894 2409 μηδὲν
2926 2327 3140 2400 ζώσας

687 2414 1035 2495 ἓναριθμῶ.
1114 2411 1210 2476 De
1256 2415 1568 2496 particula
1612 2412 1718 2477 καὶ
1767 2415 1844 2477 of.
1895 2416 1996 2476 53.

864 2504 1009 2565 811.
1059 2504 1190 2583 ἐρῶ
1237 2502 1357 2585 γὰρ
1403 2504 1511 2565 καὶ
1554 2502 1684 2584 πρὸ
1729 2502 1962 2586 τῶνδε]
2024 2503 2113 2566 Cf.
2165 2504 2310 2566 783.
2366 2505 2600 2586 φράσω
2659 2503 2729 2568 δὲ
2773 2504 2880 2567 καὶ
2924 2504 3137 2567 τοῖσδ’.

689 2592 758 2656 O.
782 2591 851 2655 R.
894 2593 988 2657 10.
1035 2594 1303 2674 πρέπων
1348 2594 1506 2674 ἔφυς
1548 2591 1556 2676 Ι
1597 2592 1725 2674 πρὸ
1772 2593 1973 2656 τῶνδε
2018 2599 2272 2676 φωνεῖν.
2353 2591 2458 2658 Sic
2497 2594 2927 2677 προθνήσκειν
2973 2592 3140 2663 τινὸς

686 2680 833 2743 Eur.
887 2682 1018 2744 Alc.
1069 2683 1213 2744 393.
1261 2683 1407 2745 486.

865 2790 1012 2851 812.
1061 2788 1394 2871 ἐφορμῶν]
1444 2787 1549 2852 Sic
1579 2789 1992 2871 μεθορμίζειν
2026 2791 2245 2854 tralato
2282 2797 2623 2872 usurpatur
2652 2790 2803 2853 Eur.
2833 2790 2966 2854 Alo.
2989 2792 3137 2853 814.

865 2879 1010 2940 813.
1062 2876 1152 2941 Cf.
1202 2880 1350 2940 Ant.
1401 2877 1546 2939 846.
1606 2880 2061 2960 ξυμμάρτυρας
2117 2880 2285 2962 ὑμᾶς
2331 2881 2650 2961 ἔπιβῶμαι
2701 2916 2778 2923 —
2830 2880 2985 2949 οἵοις
3029 2879 3134 2941 νό-

683 2990 831 3048 μοις
875 3003 965 3012 -
1011 2968 1278 3049 ἔρχομαι
1325 2975 1438 3029 etc.
1505 2965 1655 3029 Eur.
1716 2967 1905 3050 Hipp.
1972 2970 2153 3031 1470.
2226 2969 2339 3051 τὴν
2402 2969 2800 3050 τοξόδαμνον
2851 2968 3139 3050 Ἄρτεμιν

683 3056 1105 3137 μαρτύρομαι.
1155 3055 1318 3118 Med.
1354 3058 1454 3117 22.
1503 3056 1698 3126 θεοὺς
1744 3057 2138 3138 μαρτύρεται.
2219 3057 2450 3121 Nescio
2482 3058 2665 3139 cujus
2712 3057 2924 3140 Epigr.
2973 3056 3135 3130 Νὺξ,

685 3144 754 3206 σὲ
802 3144 950 3225 γὰρ,
1000 3146 1120 3207 οὐκ
1167 3145 1377 3227 ἄλλην,
1424 3147 1845 3227 μαρτύρομαι.
1981 3144 2228 3228 τούσδ’]
2277 3145 2323 3209 Ι.
2357 3167 2408 3210 e.
2459 3146 2798 3210 Chorum.
2865 3146 2955 3210 Cf.
2992 3147 3135 3209 783.

682 3234 917 3315 φράσω
967 3234 1037 3297 δὲ
1082 3234 1187 3296 καὶ
1232 3234 1443 3306 τοῖσδ’,
1492 3235 1585 3304 ὥς
1631 3258 1701 3297 σε
1751 3235 2024 3317 δηλώσω
2072 3237 2290 3297 κακόν.

864 3325 1009 3385 814.
1059 3322 1147 3386 οἷ’
1195 3323 1546 3406 ἀνταμείβει
1595 3323 1857 3407 ῥήματ’]
1908 3323 1998 3387 Cf.
2049 3323 2233 3386 Hom.
2275 3323 2388 3387 Od.
2432 3327 2528 3406 17,
2562 3327 2707 3387 479.
2754 3325 2845 3407 μή
2895 3348 2964 3387 σε
3009 3325 3138 3394 νέοι

688 3411 787 3474 διὰ
840 3411 1083 3493 δώματ’
1132 3412 1459 3492 ἕρύσσωσ’,
1509 3413 1593 3475 οἷ’
1643 3413 1993 3494 ἀγορεύεις,
2036 3416 2043 3491 1
2086 3416 2126 3496 ἢ
2173 3413 2376 3484 ποδὸς
2422 3417 2461 3495 ἢ
2509 3414 2617 3476 καὶ
2662 3414 2887 3496 χειρός.

864 3518 1009 3581 816.
1060 3517 1097 3600 ἦ
1144 3517 1298 3600 μὴν]
1350 3517 1439 3581 Cf.
1488 3517 1636 3581 Eur.
1676 3520 1808 3582 Alc.
1845 3520 1944 3581 64.
1995 3518 2033 3601 ἦ
2080 3520 2212 3601 μὴν
2258 3519 2335 3582 σὺ
2381 3521 2635 3593 παύσει,
2682 3521 2908 3602 καίπερ
2953 3520 3138 3602 ὠμὸς

685 3608 779 3669 ὢν
827 3607 1003 3687 ἄγαν.
1077 3608 1298 3670 Aesch.
1347 3607 1447 3670 Pr.
1501 3609 1643 3669 908.
1711 3609 1902 3671 Arist.
1954 3607 2118 3671 Nub.
2172 3610 2356 3671 1242.
2409 3609 2499 3671 Pl.
2550 3611 2695 3673 608.
2831 3608 3138 3691 λυπηθεὶς

684 3695 841 3778 ἔστι]
902 3695 992 3759 Cf.
1045 3699 1188 3759 Ant.
1245 3697 1428 3759 1067.
1487 3696 1777 3766 ἀντιδοὺς
1824 3699 1961 3759 ἔσει.
2012 3696 2081 3760 O.
2117 3696 2186 3759 R.
2243 3698 2426 3760 1146.
2485 3699 2562 3761 οὗ
2609 3699 2937 3781 σιωπήσας
2983 3699 3136 3772 ἔσει,·

689 3785 834 3846 970.
882 3785 1109 3848 θανὼν
1156 3787 1265 3867 εἴη.
1316 3786 1506 3847 Arist.
1556 3787 1674 3847 Av.
1726 3787 1871 3848 655.
1920 3787 2188 3849 ἔσεσθον
2235 3787 2670 3868 ἐπτερωμένω.
2727 3788 2914 3849 1259.

864 3874 1011 3935 820.
1061 3873 1361 3937 Similiter
1415 3873 1641 3936 Aesch.
1702 3873 1800 3937 Pr.
1856 3875 2040 3937 1016.
2117 3874 2253 3936 ΠΡ.
2321 3877 2506 3958 ὤμοι.
2571 3875 2701 3938 ΕΡ.
2767 3876 2910 3940 τόδε
2976 3875 3138 3945 Ζεὺς

680 3964 917 4032 τοῦπος
963 3963 1083 4025 οὐκ
1130 3963 1455 4026 ἐπίσταται.

864 4054 1010 4114 821.
1060 4053 1137 4114 οὗ
1199 4058 1457 4134 μακροῦ
1523 4052 1795 4136 χρόνου]
1874 4052 1963 4115 Cf.
2017 4055 2158 4114 Ant.
2215 4055 2400 4116 1078.
2471 4054 2581 4116 Ph.
2632 4056 2777 4117 821.
2846 4054 2938 4117 ΕΙ.
2989 4055 3134 4116 478.

685 4139 754 4203 Ο.
789 4139 852 4203 C.
904 4143 1048 4203 397.
1095 4144 1281 4224 βαιοῦ
1328 4141 1513 4222 κούχὶ
1558 4142 1792 4222 μυρίου
1839 4142 2093 4222 χρόνου.

863 4249 1012 4309 824.
1063 4248 1150 4310 Cf.
1198 4247 1291 4310 Tr.
1354 4247 1497 4309 340.
1576 4248 1727 4311 οὐδὲ
1790 4247 1899 4310 τὸν
1970 4248 2177 4330 πάρος
2223 4249 2234 4331 Ι
2283 4250 2501 4331 μῦθον
2567 4251 2773 4333 μάτην
2837 4252 3137 4332 ἤκουσας,

684 4336 834 4398 οὐδὲ
882 4342 994 4398 νῦν
1043 4336 1239 4399 δοκῶ.
1288 4336 1435 4400 Eur.
1476 4338 1607 4400 Alc.
1646 4338 1790 4398 722.
1848 4337 2042 4400 πλείω
2102 4337 2375 4400 λέλεκται
2432 4345 2544 4402 νῦν
2601 4364 2663 4403 τε
2717 4340 2824 4402 καὶ
2869 4339 2940 4401 τὰ
2989 4339 3137 4420 πρὶν

683 4449 869 4487 κακα.

862 4516 1007 4576 828.
1055 4516 1243 4577 ποίαν
1291 4516 1470 4597 λάβω
1520 4516 1696 4576 θεῶν
1754 4516 1975 4597 ἄρηξιν
2023 4519 2061 4599 ἢ
2108 4515 2426 4598 βροτῶν,·]
2496 4517 2584 4580 Cf.
2637 4520 2731 4598 Aj.
2782 4518 2926 4580 398.
2993 4519 3137 4580 οὔτε
