3463 5287
637 404 765 468 310
1649 417 1900 464 omm’us
1947 417 2070 462 anx

816 582 962 644 426.
1009 580 1173 662 πρὸς
1218 578 1443 663 ταῦτα]
1491 578 1815 643 Idcirco.
1894 577 1984 643 Cf.
2031 574 2126 640 El.
2178 578 2325 640 382.
2376 576 2522 640 820.
2569 574 2721 639 Eur.
2759 574 2913 640 Heo.
2947 574 3096 638 849.

637 672 744 737 Sic
788 670 951 753 πρὸς
1008 669 1196 734 οὐδὲν
1242 671 1341 752 Aj.
1394 669 1582 732 1018.
1762 665 2002 749 τούμὸν
2048 664 2285 750 στόμα]
2353 665 2447 731 Cf.
2494 666 2593 747 Aj.
2648 666 2834 729 1110.
2892 665 2970 729 οὗ
3023 663 3096 729 τὸ

637 761 752 825 σὸν
799 760 1007 831 δείσας
1052 759 1270 841 στόμα.
1322 757 1393 822 Ο.
1427 757 1491 821 O.
1544 758 1687 821 794.
1742 757 1930 820 1277.

817 869 964 931 427.
1011 862 1478 950 προπηλάκιζε]
1527 863 1668 928 Hoc
1715 863 1981 929 verbum
2028 883 2349 945 nusquam
2396 861 2549 927 alibi
2597 862 2767 946 apud
2803 862 3099 947 Tragicos

640 958 930 1024 occurrit.

820 1066 968 1129 428.
1016 1065 1242 1127 κάκιον
1291 1099 1374 1108 -
1423 1061 1880 1145 ἐκτριβήσεται]
1940 1059 2030 1124 Cf.
2079 1059 2314 1126 Herod.
2366 1061 2422 1143 7,
2474 1060 2618 1123 120.
2679 1061 2943 1124 κάκιστα
2991 1062 3098 1123 ἐκ·

639 1156 939 1238 τριβῆναι.
990 1154 1049 1236 6,
1097 1154 1198 1216 86.
1255 1152 1639 1234 ἐκτέτριπταί
1676 1175 1741 1214 τε
1794 1151 2142 1234 πρόρριζος
2188 1150 2259 1213 ἐκ
2306 1148 2626 1232 Σπάρτης.
2686 1150 2748 1232 6,
2797 1149 2898 1211 37.
2947 1147 3099 1212 Eur.

639 1243 831 1328 Hipp.
883 1244 1028 1307 682.
1078 1241 1240 1314 Ζεύς
1286 1265 1356 1305 σε
1401 1278 1487 1287 -
1534 1241 1881 1323 πρόρριζον
1929 1240 2288 1323 ἐκτρίψειεν.

820 1352 967 1414 429.
1016 1347 1105 1412 Cf.
1154 1349 1347 1412 Arist.
1392 1348 1634 1412 Thesm.
1685 1348 1832 1411 563.
1880 1347 2049 1410 ταυτὶ
2097 1347 2230 1430 δῆτ’
2278 1347 2481 1411 ἀνέκτ’
2529 1347 2820 1422 ἀκούειν,·

820 1439 966 1503 430.
1016 1440 1137 1502 οὐκ
1184 1439 1271 1508 εἷς
1316 1436 1657 1522 ὄλεθρον,·]
1706 1435 1795 1501 Cf.
1837 1437 2022 1500 1146.
2102 1435 2209 1500 8ἰο
2255 1437 2319 1508 ἐς
2365 1437 2626 1520 φθόρον
2674 1437 2901 1501 Aesoh.
2935 1434 3102 1519 Sept.

643 1530 789 1592 252.
839 1531 955 1612 Ag.
1008 1528 1195 1591 1267.
1253 1528 1317 1598 ἐς
1362 1526 1649 1611 κόρακας
1694 1528 1763 1590 in
1811 1524 2168 1591 Comoedia.
2306 1526 2449 1609 οὐχὶ
2493 1525 2807 1610 θᾶσσον,·]
2868 1525 2958 1590 Cf.
3003 1526 3101 1589 Tr.

646 1619 835 1683 1183.
900 1618 978 1681 οὗ
1043 1617 1293 1681 θᾶσσον
1358 1617 1577 1692 οἴσεις,·
1643 1614 1712 1679 O.
1749 1615 1814 1680 C.
1864 1617 2010 1680 824.
2072 1616 2268 1699 χώρει
2317 1653 2400 1662 -
2448 1617 2576 1689 ἔξω
2623 1616 2887 1679 θᾶσσον.
2956 1615 3102 1679 839.

644 1707 791 1771 890.
839 1708 940 1789 Aj.
991 1707 1136 1770 581.
1182 1706 1430 1780 πύκαζε
1474 1706 1740 1770 θᾶσσον.

822 1815 970 1878 431.
1019 1812 1108 1877 Cf.
1156 1815 1304 1877 Ant.
1356 1813 1501 1876 386.
1550 1813 1649 1877 ὅδ’
1698 1814 1771 1877 ἐκ
1820 1814 2046 1895 δόμων
2091 1813 2387 1895 ἄψορρος
2434 1813 2521 1883 εἷς
2570 1811 2715 1876 δέον
2760 1819 2941 1895 περᾷ.

822 1904 970 1966 433.
1015 1908 1210 1986 μῶρα
1277 1902 1672 1987 φωνήσοντ’]
1741 1902 1833 1967 Cf.
1891 1903 2080 1987 Soph.
2139 1903 2238 1985 Aj.
2301 1903 2445 1966 745.
2520 1900 2689 1965 ταῦτ’
2755 1901 2877 1965 ἐστὶ
2939 1902 3102 1984 τᾶπη

641 1993 894 2076 μωρίας
938 1993 1177 2076 πολλῆς
1221 1993 1396 2056 πλέα.
1455 1991 1607 2055 Eur.
1653 1991 1808 2056 Her.
1844 1993 1989 2055 682.
2035 1996 2267 2075 μῶρον
2315 2029 2398 2038 -
2448 1992 2641 2056 εἰπεῖν
2686 1992 2857 2063 ἔπος.
2914 1992 3105 2056 Arist.

645 2081 738 2146 Pl.
792 2082 934 2147 119.
980 2081 1152 2165 μῶρ’
1200 2083 1339 2164 ἔπη.

826 2190 972 2252 434.
1021 2189 1079 2252 σ’
1138 2187 1524 2272 ἓστειλάμην]
1593 2187 1679 2251 Cf.
1738 2188 1888 2251 Eur.
1947 2188 2114 2253 Med.
2165 2188 2310 2252 668.
2384 2189 2442 2251 τί
2503 2187 2561 2252 δ’
2627 2187 2924 2271 ὀμφαλὸν
2992 2194 3106 2271 γῆς

651 2278 1017 2361 θεσπιῳδὸν
1063 2278 1352 2361 ἐστάλης,·
1428 2276 1533 2341 Sic
1578 2279 1944 2359 πεμψαίατο
1993 2275 2063 2340 Ο.
2100 2276 2163 2340 C.
2214 2278 2358 2341 602.

826 2385 956 2448 435
989 2405 1081 2468 sq.
1128 2386 1222 2455 ὡς
1273 2384 1394 2467 μὲν
1447 2384 1546 2448 σοὶ
1594 2382 1801 2468 δοκεῖ]
1868 2383 2012 2447 Non
2078 2385 2439 2449 necessaria
2502 2391 2599 2449 est
2661 2386 2965 2449 correctio
3013 2384 3107 2455 ὡς

644 2474 744 2539 σοὶ
804 2474 924 2556 μὲν
981 2474 1181 2547 δοκεῖ,
1248 2480 1319 2538 ut
1374 2475 1622 2538 monuit
1669 2473 1889 2556 Dind.,
1955 2474 2068 2556 qui
2131 2475 2406 2538 conferri
2462 2474 2645 2557 jubet
2692 2474 2762 2539 Ο.
2797 2473 2864 2538 C.
2921 2475 3105 2538 1156.

646 2563 745 2627 σοὶ
788 2563 909 2648 μὲν
964 2564 1226 2647 ἔμπολιν
1268 2563 1276 2648 Ι
1320 2564 1439 2627 οὐκ
1487 2564 1665 2637 ὄντα,
1724 2570 1997 2648 συγγενῆ
2045 2563 2130 2627 δέ.
2211 2564 2396 2628 Adde
2441 2563 2536 2627 El.
2572 2564 2717 2627 370.
2767 2565 2825 2627 εἰ
2866 2563 2942 2627 σὺ
2988 2564 3108 2647 μὲν

642 2654 883 2736 μάθοις
924 2653 932 2735 Ι
973 2660 1100 2724 τοῖς
1161 2653 1348 2736 τῆσδε
1402 2654 1708 2737 χρῆσθαι,
1756 2660 1884 2725 τοῖς
1941 2654 2010 2717 δὲ
2065 2660 2199 2725 σοῖς
2254 2655 2409 2737 αὕτη
2468 2655 2667 2718 πάλιν.
2736 2655 2884 2717 448.
2950 2653 3106 2717 ἀλλὰ

644 2749 834 2807 ταῦτα
888 2742 1008 2825 μὲν
1062 2743 1284 2825 μέθες·
1341 2741 1417 2806 σὺ
1469 2742 1537 2806 δὲ
1583 2744 1708 2806 κτλ.
1773 2745 1917 2807 761.
1964 2744 2216 2807 τοιαῦτά
2264 2766 2362 2807 σοι
2407 2744 2576 2807 ταῦτ’
2624 2742 2802 2816 ἐστὶν,
2851 2743 2945 2815 ὡς
2988 2744 3107 2826 μὲν

646 2834 713 2895 ἒν
758 2832 932 2915 λόγῳ
974 2832 982 2916 Ι
1024 2831 1302 2915 ἀλγεινὰ,
1349 2833 1475 2896 κτλ.
1542 2831 1702 2895 Phil.
1753 2833 1899 2896 919.
1967 2838 2169 2896 σῶσαι
2232 2839 2442 2897 κακοῦ
2506 2833 2625 2915 μὲν
2689 2839 2915 2916 πρῶτα
2973 2839 3108 2918 (pro

644 2926 867 3004 πρῶτα
914 2921 1054 3003 μὲν)
1100 2921 1292 2994 τοῦδ’,
1350 2923 1554 2986 ἔπειτα
1606 2921 1675 2986 δὲ
1720 2922 1847 2985 κτλ.
1902 2923 2089 2985 1285.
2147 2922 2411 2995 ὄλοισθ’,
2469 2923 2771 3006 Ἀτρεῖδαι
2816 2922 2938 3005 μὲν
2981 2923 3105 3005 μά-
3150 2984 3157 2990 .

645 3010 841 3084 λισθ’,
889 3012 1094 3075 ἔπειτα
1145 3011 1213 3075 δὲ
1255 3010 1263 3095 Ι
1305 3011 1342 3075 ὁ
1388 3010 1667 3094 Λαρτίου
1713 3017 1862 3082 ’παῖς
1907 3012 2013 3076 καὶ
2060 3012 2154 3075 σύ.

827 3120 973 3182 436.
1022 3117 1302 3202 γονεῦσι]
1369 3118 1459 3182 Of.
1518 3117 1588 3182 O.
1618 3118 1690 3183 R.
1741 3118 1843 3182 40.
1903 3119 2048 3182 977.
2117 3118 2187 3182 O.
2222 3118 2288 3182 O.
2347 3120 2493 3183 810.
2560 3122 2658 3202 Aj.
2719 3121 2866 3183 277.
2920 3120 3109 3183 1248.

652 3209 840 3272 1282.
879 3210 1065 3272 1363.
1114 3208 1226 3272 Ph.
1269 3208 1452 3272 1031.
1497 3207 1595 3272 Tr.
1647 3208 1793 3271 296.
1860 3210 2009 3271 Ant.
2060 3208 2205 3272 904.
2258 3209 2446 3272 1161.
2628 3210 2700 3272 οἵ
2736 3209 2794 3272 σ’
2840 3207 3107 3293 ἔφυσαν]

648 3296 792 3372 Qui
840 3317 1110 3363 revera
1169 3302 1238 3361 te
1282 3303 1718 3381 genuerunt
1764 3300 1927 3377 (non
1974 3296 2262 3380 Polybus
2308 3303 2371 3361 et
2416 3295 2722 3381 Merope).
2861 3300 3106 3381 ἔμφρο-

647 3385 779 3471 νες]
829 3386 918 3451 of.
967 3389 1065 3469 Aj.
1117 3387 1261 3451 306.
1308 3388 1456 3449 Ant.
1511 3386 1698 3449 1237.
1747 3387 1973 3451 Aesch.
2022 3386 2122 3450 Pr.
2172 3388 2319 3450 848.
3018 3393 3027 3400 ’

828 3494 976 3557 437.
1025 3493 1114 3558 of.
1162 3493 1389 3557 Aesoh.
1436 3494 1537 3557 Pr.
1591 3493 1736 3556 763.
1782 3494 1951 3576 ποίῳ
1995 3493 2252 3576 τρόπῳ;
2300 3495 2608 3578 σήμηνον.

826 3584 974 3647 438.
1021 3582 1125 3665 ἥδ’
1172 3583 1380 3666 ἡμέρα
1445 3583 1631 3666 φύσει
1696 3582 1798 3667 σε]
1866 3583 2072 3648 Schol.
2141 3583 2326 3657 δείξει
2392 3608 2461 3648 σε
2526 3584 2681 3648 ὅθεν
2747 3585 3109 3668 ἐγεννήθης.

648 3673 738 3737 Cf.
788 3672 937 3735 436.
1004 3670 1286 3755 Oedipus
1351 3672 1418 3735 in
1466 3670 1613 3735 Eur.
1660 3672 1897 3738 Phoen.
1950 3674 2138 3737 1689.
2197 3673 2354 3738 haec
2413 3673 2593 3754 dicit,
2649 3673 2866 3737 ὄλωλ’·
2921 3675 2991 3737 ἓν
3050 3673 3107 3737 δ’

649 3761 823 3844 ἦμαρ
869 3764 938 3844 μ’
971 3760 1207 3844 ὤλβισ’,
1254 3763 1324 3824 ἓν
1372 3760 1430 3824 δ’
1477 3761 1818 3826 ἀπώλεσεν.
1897 3760 2069 3836 “Qui
2119 3781 2343 3827 versus
2383 3782 2530 3826 oum
2577 3763 2697 3827 hoo
2743 3769 2941 3828 certat
2985 3763 3110 3827 ele-

648 3853 877 3934 gantia.
928 3888 1009 3896 ——
1063 3851 1271 3916 Unius
1319 3850 1446 3914 diei
1493 3853 1692 3934 spatio
1742 3852 1960 3915 drama
2005 3851 2286 3916 finitur.’'
2335 3850 2590 3933 (HerW.)

825 3959 973 4022 439.
1021 3956 1259 4021 αι’νικτὰ
1312 3994 1393 4004 -
1441 3956 1668 4042 λέγεις]
1728 3958 1819 4022 Of.
1866 3960 1964 4042 Aj.
2021 3960 2210 4022 1158.
2275 3965 2422 4042 μῶν
2484 3960 2829 4043 ᾐνιξάμην,·
2876 3960 3107 4023 Aesoh.

649 4047 799 4111 Cho.
848 4049 993 4111 874.
1051 4051 1293 4130 ξυνῆκα
1347 4049 1582 4118 τοῦπος
1647 4048 1717 4121 ἐξ
1780 4049 2182 4130 αἰνιγμάτων.
2249 4051 2368 4131 Ag.
2421 4050 2607 4113 1156.
2674 4050 2994 4131 φρενώσω
3050 4048 3109 4112 δ’

651 4135 855 4200 οὐκέτ’
902 4137 972 4210 ἐξ
1017 4137 1416 4219 αἰνιγμάτων.
1471 4137 1658 4200 1093.

826 4245 974 4308 440.
1021 4245 1271 4328 ἄριστος
1316 4241 1645 4327 εὑρίσκειν]
1714 4244 1803 4308 Cf.
1853 4244 2087 4310 Herod.
2136 4247 2182 4309 I.
2236 4247 2377 4311 193.
2434 4248 2707 4330 χωρέων
2758 4283 2838 4292 ——
2887 4246 3105 4329 ἀρίστη

650 4371 731 4379 -
781 4333 1119 4417 Δήμητρος
1163 4334 1417 4416 καρπὸν
1470 4335 1776 4418 ἐκφέρειν.
1842 4334 1954 4398 IIl.
2003 4335 2105 4399 80.
2173 4335 2474 4418 διαβολὰς
2538 4337 2791 4418 ἄριστος
2857 4336 3104 4400 ἐνδέκε-

649 4425 816 4487 σθαι.
865 4422 1022 4487 Plat.
1071 4422 1334 4487 Phaedr.
1380 4425 1524 4487 267.
1574 4424 1928 4507 διαβάλλειν
1978 4460 2059 4470 —
2107 4426 2448 4506 κράτιστος.
2500 4428 2689 4490 Arist.
2730 4425 2917 4509 Vesp.
2956 4426 3104 4489 904.

648 4512 894 4595 ἀγαθός
941 4512 997 4596 γ’
1049 4513 1327 4578 ὑλακτεῖν
1371 4514 1479 4578 καὶ
1511 4513 1834 4600 διαλείχειν
1871 4512 1980 4584 τὰς
2025 4515 2275 4600 χύτρας.
2325 4514 2661 4599 Eupol.11.
2698 4517 2846 4580 461.
2896 4515 3104 4580 λαλεῖν
