3463 5287
1445 429 1742 476 maome
2689 412 2813 475 109

356 588 544 654 Hom.
577 589 648 652 Il.
674 591 731 667 8,
759 590 899 652 118.
947 595 1058 653 τοῦ
1108 589 1163 651 ὁ’
1211 588 1355 659 ἰθὺς
1384 595 1727 672 μεμαῶτος
1759 590 2044 653 ἀκόντισε
2080 588 2314 660 Τυδέος
2345 591 2495 659 υἱός.
2550 591 2647 673 13,
2671 591 2815 653 516.

355 685 467 743 τοῦ
517 678 588 742 δὲ
633 679 843 761 βάδην
889 679 1183 748 ἀπιόντος
1230 679 1513 742 ἀκόντισε
1561 679 1745 761 ὀουρὶ
1790 687 2051 762 φαεινῷ.
2166 679 2241 742 In
2290 679 2527 743 scholio
2574 685 2813 762 πρητῆ-

357 792 463 850 ρες
509 787 623 851 pro
669 774 1029 851 πρηκτῆρες
1074 767 1283 849 (Hom.
1333 768 1446 831 Od.
1495 770 1554 845 8,
1607 770 1776 849 162.)
1826 768 2166 853 legendum
2213 768 2450 832 Cobeto
2500 768 2769 832 vldetur.

547 858 733 920 1035.
783 856 1035 941 γένους]
1103 857 1194 921 Cf.
1246 858 1433 921 1055.
1497 857 1568 921 τὸ
1631 858 1938 941 μαντικὸν
1986 894 2068 904 -
2119 858 2314 940 γένος.
2383 859 2528 920 342.
2584 859 2816 939 ἱππείῳ

356 948 533 1028 γένει.
583 947 682 1030 Aj.
732 948 876 1010 398.
925 948 1103 1011 θεῶν
1150 947 1343 1028 γένος.
1421 944 1517 1011 De
1563 947 1716 1010 ὗπαὶ
1762 950 1829 1010 in
1878 948 2127 1011 senario
2175 947 2250 1010 of.
2297 945 2392 1009 ΕΙ.
2445 948 2588 1010 711.
2628 948 2815 1010 1409.

541 1037 728 1099 1036.
777 1031 1247 1121 ἕξημπόλημοι]
1297 1035 1503 1100 801101.
1535 1037 2130 1119 πεπραγμάτευμαι,
2176 1036 2602 1118 προὸέόομαι,
2650 1036 2813 1119 φόρ-

355 1150 464 1196 τος
510 1127 863 1209 γεγένημαι.
950 1123 1037 1189 Cf.
1085 1124 1248 1189 Phil.
1298 1127 1443 1189 579.
1500 1127 1557 1188 τί
1595 1151 1679 1208 με
1727 1164 1809 1172 --
1860 1126 2172 1208 ὀιεμπολᾷ
2217 1125 2453 1208 λόγοισι
2503 1150 2619 1201 -,·
2667 1126 2815 1189 303.

357 1211 769 1298 ἕξεμπολήσει
814 1215 1061 1297 κέρόος.
1112 1216 1256 1278 978.
1303 1217 1647 1298 πέπραμαι.
1693 1215 1791 1279 Tr.
1843 1216 1988 1278 537.
2035 1215 2238 1298 κόρην
2285 1215 2405 1297 γὰρ
2441 1252 2526 1260 -
2556 1239 2813 1297 παρεισ-

356 1305 685 1386 δέδεγμαι,
741 1304 1030 1387 φόρτον
1084 1305 1247 1368 ὥστε
1300 1304 1612 1378 ναυτίλος,
1655 1310 1662 1387 Ι
1703 1304 1996 1388 λωβητὸν
2052 1304 2456 1387 ἒμπόλημα
2503 1311 2612 1388 τῆς
2658 1305 2816 1388 ἐμῆς

353 1394 608 1476 φρενός.
657 1395 851 1457 Arist.
899 1394 1044 1458 Pac.
1093 1394 1240 1456 633.
1297 1394 1356 1458 S.
1404 1392 1536 1458 Pet.
1585 1393 1782 1478 Epist.
1831 1393 1911 1457 II.
1961 1396 2018 1457 2.
2069 1395 2125 1455 3.
2173 1394 2240 1457 ἐν
2284 1389 2608 1476 πλεονεξίᾳ
2654 1395 2813 1457 πλα-

354 1489 523 1553 στοῖς
569 1482 779 1565 λόγοις
809 1484 976 1565 ὑμᾶς
1016 1483 1512 1565 ἐμπορεύσονται
1558 1485 1801 1563 (make
1850 1483 2379 1548 merobaudis&
2427 1483 2505 1547 of
2543 1483 2813 1566 you?').

442 1570 1025 1655 κάκπεφορτισμαι]
1093 1570 1180 1635 Cf.
1236 1572 1495 1636 Hesiod.
1554 1572 1666 1656 Op.
1716 1574 1861 1636 690.
1935 1572 2091 1655 μηό’
2147 1572 2236 1636 ἐνὶ
2290 1572 2509 1655 νηυσὶν
2570 1574 2815 1636 ἅπαντα

352 1663 495 1744 βίον
559 1662 800 1745 κοίλῃσι
863 1662 1179 1734 τίθεσθαι,
1221 1662 1230 1744 Ι
1272 1662 1426 1725 ἀλλὰ
1481 1663 1655 1725 πλέω
1710 1663 1956 1735 λείπειν,
2012 1661 2086 1725 τὰ
2145 1661 2215 1725 δὲ
2258 1663 2480 1745 μείονα
2527 1664 2813 1745 φορτίζε-

353 1752 525 1814 σθαι.
574 1751 861 1814 Machon.
910 1751 1079 1835 apud
1111 1752 1341 1816 Athen.
1381 1751 1564 1815 XIII.
1600 1754 1726 1815 582
1762 1752 1832 1815 Ε.
1872 1750 1955 1814 ‘Y
1946 1751 2204 1834 μήττιόν
2248 1776 2311 1815 τε
2356 1754 2817 1835 φορτιούμενος

354 1844 483 1922 (qn.
533 1840 586 1903 τ’
635 1841 921 1923 ἕμφορτ.)
966 1840 1123 1923 μέλι.

543 1948 731 2011 1038.
779 1947 1084 2030 ἤλεκτρον
1131 1983 1215 1993 -
1262 1946 1524 2031 χρυσὸν]
1574 1948 1664 2012 Of.
1714 1947 1902 2011 Hom.
1952 1947 2067 2011 Od.
2115 1951 2187 2029 4,
2237 1948 2336 2012 73.
2383 1953 2626 2031 χρυσοῦ
2672 1949 2813 2031 ἠλέ-

353 2061 552 2120 κτρου
615 2061 679 2100 τε
741 2036 848 2100 καὶ
904 2037 1191 2118 ἀργύρου
1248 2036 1352 2120 ἠό’
1400 2037 1751 2119 ἐλέφαντος.
1810 2037 2071 2101 Hesiod.
2121 2037 2286 2102 Scut.
2341 2038 2483 2099 142.
2530 2038 2816 2120 ἠλέκτρῳ

355 2126 424 2189 θ’
470 2125 845 2208 ὑπολαμπὲς
898 2127 1010 2209 ἔην
1067 2134 1292 2208 χρυσῷ
1336 2150 1398 2189 τε
1444 2135 1705 2209 φαεινῷ.
1754 2127 1988 2191 Herod.
2035 2126 2149 2190 III.
2204 2129 2344 2189 115.
2392 2126 2682 2209 ποταμὸν
2731 2165 2813 2174 --

356 2215 469 2278 ἀπ’
525 2216 667 2279 ὅτευ
720 2216 791 2279 τὸ
846 2216 1151 2298 ἤλεκτρον
1206 2221 1432 2298 φοιτᾶν
1486 2215 1674 2298 λόγος
1730 2216 1869 2280 ἐστί.
1926 2216 2079 2280 ibid.
2128 2217 2169 2280 ὅ
2210 2241 2275 2280 τε
2319 2219 2683 2299 κασσίτερος
2732 2255 2813 2262 -

354 2306 463 2368 καὶ
508 2305 580 2368 τὸ
626 2305 944 2388 ἤλεκτρον.

541 2395 710 2458 1039
745 2414 836 2477 sq.
886 2393 977 2457 Cf.
1023 2392 1120 2456 ΕΙ.
1175 2394 1362 2458 1487.

541 2484 725 2547 1042.
773 2483 914 2547 οὐδ’
960 2482 1083 2567 ὣς]
1142 2481 1232 2546 Of.
1281 2483 1472 2547 Arist.
1521 2482 1688 2547 Nub.
1741 2485 1885 2547 527.
1941 2482 2120 2548 Dem.
2169 2506 2226 2568 p.
2280 2485 2467 2548 1032.
2526 2483 2666 2548 οὐδ’
2723 2486 2816 2555 ὣς

353 2572 632 2657 χαλεπόν
678 2575 802 2636 ἐστι
849 2576 1085 2655 γνῶναι
1130 2572 1274 2656 περὶ
1319 2574 1546 2637 αὐτῶν.

540 2681 727 2744 1043.
773 2681 1039 2745 θάπτειν
1092 2679 1381 2765 παρείην]
1449 2681 1539 2745 Of.
1589 2683 1783 2745 Arist.
1830 2681 1924 2744 Pl.
1976 2682 2124 2745 331.
2192 2681 2398 2746 ὁεινόν
2454 2681 2575 2764 γὰρ
2631 2683 2689 2745 εἰ
2734 2719 2814 2729 -

355 2769 551 2834 αὐτὸν
598 2770 667 2835 δὲ
712 2769 1009 2834 Πλοῦτον
1053 2771 1320 2853 παρείην
1364 2795 1456 2852 τῳ
1502 2770 1729 2854 λαβεῖν.

542 2861 726 2924 1044.
773 2860 971 2930 θεοὺς
1014 2859 1300 2943 μιαίνειν]
1359 2860 1448 2924 Of.
1507 2860 1656 2924 Eur.
1705 2860 1894 2925 Herc.
1948 2862 2135 2923 1232.
2197 2862 2254 2923 τί
2296 2861 2385 2936 ὃ’,·
2433 2861 2511 2924 οὐ
2556 2861 2817 2943 μιαίνεις

353 2950 592 3033 θνητὸς
646 2952 742 3014 ὢν
785 2948 858 3012 τὰ
906 2954 1035 3013 τῶν
1080 2951 1290 3026 θεῶν,·
1345 2949 1443 3012 Fr.
1492 2951 1595 3032 91,
1645 2952 1701 3012 3.
1757 2950 1829 3014 τὸ
1874 2951 2090 3020 καλῶς
2148 2950 2438 3033 πεφυκὸς
2485 2951 2692 3020 οὗόεὶς
2737 2952 2817 3014 ἂν

352 3042 632 3122 μιάνειεν
676 3039 879 3120 λόγος.

542 3147 728 3210 1045.
773 3148 1068 3209 πίπτουσι
1101 3183 1184 3191 -
1217 3145 1533 3230 πτώματ’]
1584 3147 1671 3211 Cf.
1721 3148 1950 3211 Aesch.
1992 3145 2201 3210 Prom.
2239 3148 2383 3210 919.
2431 3153 2642 3211 πεσεῖν
2687 3148 2811 3211 ἀτί-

351 3260 500 3321 μως
531 3236 817 3318 πτώματ’
849 3236 970 3299 οὐκ
1003 3235 1329 3318 ἀνασχετά.
1408 3237 1512 3300 Sic
1541 3237 1757 3319 πηόἇν
1786 3237 2084 3319 πήδημα,
2116 3236 2414 3300 ἅλλεσθαι
2461 3237 2650 3319 ἅλμα,
2698 3243 2815 3302 etc.

544 3327 729 3389 1046.
776 3326 837 3389 οἱ
880 3323 1082 3388 πολλὰ
1131 3323 1354 3408 ὀεινοὶ]
1404 3326 1492 3388 Cf.
1528 3324 1686 3389 O.C.
1727 3327 1912 3388 1514.
1948 3327 2046 3407 Α]’.
2073 3326 2219 3389 911.
2267 3326 2304 3388 ὁ
2335 3327 2536 3389 πάντα
2569 3326 2814 3408 κωφός.

357 3416 451 3480 ΕΙ.
507 3416 693 3477 1326.
749 3412 808 3478 ὦ
853 3414 1104 3477 πλεῖστα
1149 3420 1380 3496 μῶροι.
1429 3414 1578 3477 Eur.
1611 3414 1724 3479 Ρ11.
1760 3417 1907 3477 254.
1955 3412 2013 3478 ὦ
2057 3415 2238 3478 πόλλ’
2285 3416 2414 3496 ἐγὼ
2459 3417 2814 3498 μοχθηρός.

445 3505 599 3568 ὅταν
643 3505 874 3587 λύγους
920 3502 1040 3587 -]
1091 3502 1181 3566 Cf.
1229 3503 1378 3566 Eur.
1411 3503 1606 3587 Hipp.
1643 3505 1788 3567 505.
1836 3504 2075 3587 τᾴσχρά
2125 3504 2183 3568 ὀ’
2231 3507 2309 3587 ἢν
2354 3505 2538 3587 λέγῃς
2583 3504 2814 3575 καλῶς.

543 3595 729 3657 1048.
777 3592 1155 3675 ἀνθρώπων
1185 3591 1306 3676 τις]
1355 3594 1414 3656 A
1447 3595 1743 3657 certain
1792 3613 1930 3658 one
1962 3597 2058 3675 (or
2105 3612 2251 3675 any
2283 3596 2455 3673 one)
2505 3595 2582 3657 of
2622 3613 2816 3658 mor-

355 3685 518 3748 tals.
603 3682 916 3767 Ambigua
964 3682 1225 3746 dictum.
1361 3683 1699 3768 φράζεται]
1748 3684 2106 3767 Percipit.
2185 3683 2272 3747 Cf.
2307 3684 2405 3765 Aj.
2444 3683 2630 3746 1041.
2663 3682 2815 3747 Eur.

355 3775 512 3838 Hec.
565 3773 710 3836 546.
759 3772 1075 3856 ἐφράσθη.

541 3880 729 3943 1050.
778 3878 869 3942 Cf.
920 3880 1066 3941 683.
1119 3880 1263 3942 702.
1321 3879 1392 3942 Ο.
1426 3877 1497 3941 R.
1549 3881 1693 3943 549.
1754 3881 1867 3944 Ρ11.
1918 3881 2019 3943 81.
2071 3880 2215 3943 673.
2272 3879 2366 3942 ΕΙ.
2420 3880 2606 3942 1015.
2653 3902 2815 3960 προ-

357 3971 534 4040 νοίας
581 3969 769 4033 οὐδὲν
816 3969 1192 4050 ἀνθρώποις
1238 3970 1361 4050 ἔφυ
1403 3971 1412 4051 Ι
1452 3970 1684 4051 κέρδος
1723 3970 1936 4052 λαβεῖν
1967 3971 2225 4051 ἄμεινον
2257 3969 2409 4033 οὒὸὲ
2440 3975 2556 4033 νοῦ
2588 3975 2816 4051 σοφοῦ.

357 4059 508 4122 Ε111·.
557 4057 655 4122 Fr.
706 4059 850 4122 501.
915 4056 1023 4120 καὶ
1077 4064 1286 4140 κτῆμα
1336 4059 1411 4130 ὀ’,
1460 4056 1518 4121 ὦ
1563 4065 1861 4130 τεκοῦσα,
1925 4059 2252 4122 κάλλιστον
2304 4058 2449 4122 τόόε
2490 4059 2499 4143 Ι
2538 4058 2817 4122 πλούτου

362 4148 432 4212 d&
479 4149 630 4228 (τεΡ)
674 4152 983 4231 κρεῖσσον.
1031 4146 1263 4209 Eubul.
1296 4146 1410 4210 III.
1447 4149 1594 4211 260.
1642 4149 1901 4211 πάντων
1942 4149 2194 4229 ἄριστον
2223 4149 2564 4230 κτημάτων
2597 4149 2817 4231 (γυνή).

546 4255 731 4319 1051.
775 4255 868 4338 μὴ
916 4253 1200 4338 φρονεῖν]
1250 4252 1338 4316 Of.
1388 4255 1485 4337 Aj.
1538 4258 1682 4319 554.
1731 4255 1882 4318 Eur.
1930 4256 2065 4339 Iph.
2115 4257 2189 4316 A.
2240 4256 2384 4317 586.

544 4346 730 4408 1052.
777 4345 973 4408 νόσου
1019 4342 1298 4427 πλήρης]
1367 4341 1454 4406 Of.
1505 4345 1617 4409 Ρ11.
1667 4346 1813 4408 520.
1880 4345 2030 4408 ὅταν
2092 4343 2387 4426 πλησθῇς
2448 4350 2558 4426 τῆς
2621 4344 2816 4408 νόσου

361 4435 676 4517 ξυνουσίᾳ.
728 4435 828 4497 39.
886 4433 1053 4517 ῥάκη
1103 4470 1188 4478 —
1237 4433 1563 4516 νοσηλείας
1618 4435 1793 4497 πλέα.
1843 4434 2032 4498 Isocr.
2083 4432 2185 4496 Or.
2236 4432 2377 4495 XV.
2427 4435 2464 4515 ξ
2514 4435 2659 4496 265.
2706 4433 2818 4516 τὴν

360 4524 552 4588 νόσον
595 4524 827 4608 ταύτην
872 4523 1007 4606 (τὴν
1053 4522 1362 4604 ἀμαθίαν)
1412 4524 1754 4607 ὀιαφυγεῖν.
