3463 5287
1403 402 1799 448 Panaenum
2699 386 2739 445 4
2754 384 2779 445 l
2795 384 2822 444 1

554 566 699 628 358.
749 565 869 628 οὐκ
917 563 1000 627 ἔτ’
1048 564 1198 627 ὄντα
1245 562 1465 647 ζῶντ’]
1522 560 1608 625 Cf.
1659 564 1807 627 412.
1855 562 1977 626 οὐκ
2024 561 2104 645 ἦν
2149 563 2234 626 ἔτι
2281 563 2429 637 ζῶν.
2509 560 2831 627 Connecte

373 662 588 722 autem
636 656 843 729 ζῶντα
890 653 1094 718 πάλιν.

554 745 699 807 362.
746 744 820 806 τά
874 746 925 804 τ’
980 741 1114 806 ἄλλ’
1171 743 1267 807 ὅσ’
1322 738 1424 829 ἦν]
1471 743 1580 806 καὶ
1623 741 1898 805 τᾶπιπλα
1954 740 2198 807 Nauck.
2244 742 2318 805 in
2363 741 2462 805 cd.
2509 739 2606 805 Fr.
2651 740 2830 825 Trag.

374 856 414 919 p
553 923 699 987 363.
749 924 814 986 οἷ
865 923 922 985 δ’
969 921 1147 986 εἷπον
1194 958 1276 967 —
1323 923 1819 1005 τλημονέστατον
1872 918 2087 1003 λόγον]
2145 918 2233 985 Cf.
2282 917 2431 984 Eur.
2479 918 2635 986 Hec.
2686 920 2830 984 560.

374 1015 541 1089 ἔλεξε
586 1013 845 1077 πάντων
889 1013 1382 1094 τλημονέστατον
1427 1010 1634 1094 λόγον.

555 1103 702 1167 366.
749 1107 878 1166 τῶν
925 1101 983 1165 δ’
1033 1138 1115 1147 -
1163 1100 1485 1184 κρατύνει]
1553 1100 1643 1165 Cf.
1696 1101 1884 1164 1059.
1949 1100 2191 1164 τούτων
2236 1100 2579 1182 κρατύνειν.
2645 1099 2836 1162 1161.

373 1192 652 1276 μηδενὸς
695 1192 1047 1273 κρατύνων.

555 1282 701 1345 371.
750 1282 787 1345 ὅ
836 1281 894 1344 δ’
942 1278 1062 1344 εἴπ’
1100 1278 1480 1364 Ὀδυσσεὺς]
1539 1279 1627 1344 Cf.
1677 1280 1778 1361 Aj.
1829 1280 1974 1343 780.
2031 1280 2069 1343 ὅ
2117 1278 2176 1342 δ’
2224 1278 2419 1350 εὐθὺς
2473 1278 2708 1360 πέμπει
2751 1302 2835 1360 με

381 1371 675 1453 Τεῦκρος.
723 1370 795 1435 O.
827 1369 900 1434 R.
944 1370 1132 1433 1171.
1181 1368 1330 1434 Eur.
1380 1369 1475 1433 El.
1526 1370 1672 1432 781.
1718 1368 1758 1432 ὁ
1806 1367 1864 1433 δ’
1911 1367 2032 1434 εἶπ’
2070 1367 2389 1452 Ὀρέστης.

557 1480 702 1542 374.
749 1480 1034 1562 ἤρασσον
1079 1476 1333 1562 κακοῖς]
1391 1475 1485 1541 Sc.
1534 1478 1720 1541 ἔπεσι.
1801 1474 1889 1541 Cf.
1938 1477 2038 1558 Aj.
2089 1477 2234 1540 725.
2291 1474 2590 1540 ὀνείδεσιν
2635 1476 2832 1558 ἤρασ-

376 1593 506 1632 σον.
558 1569 746 1631 1244.
795 1569 965 1651 ἡμᾶς
1012 1604 1096 1615 -
1144 1573 1386 1638 κακοῖς,
1412 1566 1668 1650 βαλεῖτε.
1715 1566 1912 1630 Arist.
1958 1565 2124 1630 Nub.
2164 1566 2350 1628 1373.
2397 1564 2582 1647 κάγὼ
2629 1565 2833 1628 οὐκέτ’

378 1656 826 1741 ἐξηνεσχόμην,
892 1657 1023 1720 ἀλλ’
1081 1657 1328 1728 εὐθέως
1392 1656 1642 1740 ἀράττω
1684 1654 1694 1740 Ι
1734 1656 1990 1727 πολλοῖς
2052 1661 2277 1726 κακοῖς
2340 1656 2708 1737 καίσχροῖσι.
2775 1660 2837 1718 et

382 1749 463 1812 ad
506 1748 603 1812 Tr,
653 1747 799 1811 940.

558 1837 704 1899 375.
750 1842 975 1907 κακοῖς
1028 1842 1155 1907 τοῖς
1208 1834 1420 1920 πᾶσιν]
1489 1835 1581 1901 Cf.
1634 1836 1822 1899 1288.
1896 1835 2124 1900 Aesch.
2174 1833 2383 1899 Prom.
2436 1835 2623 1898 1011.
2689 1832 2838 1904 τοὺς

383 1926 619 1996 πάντας
665 1926 949 2008 ἐχθαίρω
995 1926 1207 1996 θεούς.

562 2015 707 2078 376.
757 2012 847 2078 Cf.
895 2016 992 2097 Aj.
1046 2016 1189 2079 100.
1236 2014 1541 2085 θανόντες
1586 2015 1711 2097 ἤδη
1759 2015 1904 2096 τᾶμ’
1952 2015 2393 2098 ἀφαιρείσθων
2439 2014 2621 2077 ὅπλα.

563 2104 706 2167 378.
756 2104 1014 2187 δηχθεὶς
1063 2104 1179 2189 —]
1229 2103 1316 2168 cf.
1365 2103 1515 2167 Eur.
1564 2102 1727 2169 Med.
1781 2105 1970 2167 1367.
2033 2110 2218 2167 τοῦτο
2283 2104 2405 2186 γάρ
2452 2126 2523 2167 σε
2569 2103 2833 2185 δήξεται.

386 2195 531 2256 813.
580 2193 750 2258 οὕτω
798 2193 920 2276 γὰρ
966 2196 1047 2257 ἂν
1090 2194 1353 2277 μάλιστα
1404 2194 1670 2277 δηχθείη
1715 2192 1917 2264 πόσις.

560 2303 704 2365 382.
753 2300 1191 2375 ἐξονειδισθεὶς
1234 2299 1440 2385 κακὰ]
1508 2299 1595 2364 Cf.
1643 2301 1739 2365 El.
1789 2303 1935 2364 288.
1993 2305 2304 2384 φωνοῦσα
2357 2298 2558 2364 τοιάδ’
2604 2301 2833 2375 ἐξονει-

385 2391 536 2466 δίζει
580 2391 770 2454 κακά.

560 2482 705 2544 384.
753 2486 864 2546 τοῦ
910 2480 1213 2546 κακίστου
1258 2481 1386 2544 κάκ
1433 2480 1682 2565 κακῶν]
1734 2480 1825 2546 Cf.
1870 2479 2019 2544 Eur.
2053 2481 2252 2545 Andr.
2287 2481 2432 2544 590.
2480 2477 2539 2544 ὦ
2584 2479 2837 2543 κάκιστε

378 2571 506 2634 κάκ
552 2575 795 2634 κακῶν.
873 2567 989 2646 Qu.
1033 2576 1147 2634 τοῦ
1192 2576 1402 2634 κακοῦ
1448 2594 1511 2634 τε
1543 2607 1654 2632 -.

561 2661 707 2724 386.
757 2660 846 2725 Cf.
895 2658 964 2723 Ο.
997 2659 1070 2723 R.
1122 2661 1266 2724 917.
1323 2660 1454 2724 ἀλλ’
1511 2661 1633 2725 ἐστὶ
1685 2667 1799 2726 τοῦ
1846 2662 2151 2744 λέγοντος.
2208 2662 2357 2725 Ant.
2409 2661 2553 2724 738.
2601 2661 2679 2724 οὐ
2726 2666 2838 2724 τοῦ

381 2756 765 2835 κρατοῦντος
811 2751 850 2833 ἡ
898 2750 1078 2821 πόλις
1108 2751 1456 2833 νομίζεται,·
1502 2751 1695 2815 Arist.
1728 2751 1844 2833 Eq.
1879 2752 2026 2815 860.
2071 2752 2163 2835 μὴ
2211 2757 2322 2814 τοῦ
2369 2750 2659 2832 λέγοντος
2690 2751 2835 2813 ἴσθι.

561 2840 706 2903 387.
754 2838 1047 2924 στρατός]
1095 2839 1452 2923 Populus.
1520 2840 1609 2904 Cf.
1643 2840 1872 2904 Aesch.
1905 2840 2088 2904 Eum.
2124 2842 2270 2905 667.
2312 2839 2382 2902 τὸ
2415 2838 2529 2903 σὸν
2559 2835 2836 2921 πόλισμα

380 2929 490 2993 καὶ
544 2927 809 3012 στρατὸν
862 2929 1064 3002 τεύξω
1118 2930 1337 3012 μέγαν.
1406 2930 1552 2993 686.
1617 2931 1868 3011 Αἰγέως
1924 2938 2188 3013 στρατῷ.
2257 2929 2401 2991 762.
2458 2929 2644 3011 χώρᾳ
2689 2928 2838 3011 τῇδε

380 3018 488 3082 καὶ
532 3026 626 3101 τῷ
671 3025 770 3101 σῷ
817 3025 1079 3101 στρατῷ.
1127 3018 1314 3082 Hom.
1362 3018 1435 3083 Il.
1485 3020 1544 3102 4,
1595 3019 1694 3082 76.
1743 3027 1990 3102 στρατῷ
2037 3020 2209 3100 εὐρέϊ
2248 3019 2438 3083 λαῶν.

561 3126 706 3188 389.
754 3122 851 3188 De
902 3125 1183 3190 numeris
1231 3127 1420 3208 hujus
1470 3143 1689 3190 versus
1736 3125 1811 3189 cf.
1860 3127 2009 3188 435.
2060 3127 2204 3189 503.

565 3216 710 3278 391.
756 3213 1087 3298 παμβῶτι]
1156 3212 1242 3277 Cf.
1289 3214 1467 3296 Trag.
1516 3215 1724 3298 adesp.
1775 3217 1921 3278 252.
1986 3217 2322 3298 παμβῶτις
2368 3215 2552 3284 ἐλπίς.
2610 3213 2838 3277 Aesch.

384 3304 555 3367 Pch.
590 3304 736 3367 610.
782 3304 1138 3386 παμφόρου
1188 3305 1382 3386 γαίας.
1429 3305 1641 3369 Prom.
1678 3305 1776 3368 90.
1808 3304 2157 3388 παμμῆτόρ
2187 3329 2251 3368 τε
2283 3310 2379 3387 γῆ.
2517 3301 2837 3387 ὀρεστέρα]

385 3391 475 3504 Cf.
532 3391 684 3503 I'me
741 3392 967 3458 Bacch.
1029 3394 1216 3458 1141.
1285 3395 1622 3477 ὀρεστέρου
1670 3431 1755 3441 —-
1802 3394 2069 3465 λέοντος.
2142 3393 2333 3478 Hipp.
2388 3394 2531 3458 143.
2598 3391 2840 3475 ματρὸς

387 3504 652 3564 ουρειας.

562 3572 709 3635 393.
754 3572 987 3658 μᾶτερ]
1035 3572 1124 3637 Cf.
1171 3573 1274 3638 Fr.
1325 3574 1471 3638 268.
1519 3573 1618 3657 Γῆ
1662 3575 1872 3658 μήτηρ
1919 3574 2111 3637 θεῶν.

562 3661 709 3724 394.
757 3659 1120 3727 Πακτωλὸν
1166 3663 1500 3748 εὔχρυσον]
1567 3661 1653 3727 Cf.
1720 3663 1872 3727 Eur.
1918 3663 2152 3729 Bacch.
2214 3663 2313 3725 13.
2389 3662 2632 3727 Λυδῶν
2694 3660 2841 3732 τοὺς

381 3751 828 3834 πολυχρύσους
875 3751 1030 3834 γύας
1071 3752 1080 3833 Ι
1129 3751 1409 3836 Φρυγῶν
1453 3778 1532 3818 τε.

564 3859 708 3922 395.
755 3858 980 3942 πότνι’,
1036 3859 1455 3945 ἐπηυδώμαν]
1524 3859 1640 3936 Qu.
1683 3861 1909 3935 πότνα,
1965 3861 2468 3946 προσηυδώμαν.
2546 3860 2636 3925 Cf.
2691 3858 2841 3923 Eur.

384 3946 614 4012 Bacch.
664 3948 810 4012 370.
856 3948 1056 4013 πόντα
1102 3950 1281 4013 θεῶν
1327 3951 1396 4032 (l.
1443 3952 1643 4028 θεᾶν).

564 4037 711 4101 397.
758 4038 825 4109 ἐς
868 4038 1037 4102 τόνδ’
1084 4039 1310 4121 ἐχώρει
1359 4038 1473 4123 -]
1541 4039 1631 4104 Cf.
1679 4039 1912 4105 Herod.
1964 4041 2039 4103 V.
2089 4043 2190 4105 92.
2254 4046 2467 4105 πᾶσαν
2522 4039 2841 4122 κακότητα

384 4125 676 4209 ἐξέφαινε
721 4127 787 4198 ἐς
831 4125 979 4199 τοὺς
1024 4128 1338 4212 πολιήτας.

561 4233 710 4297 403.
758 4235 1004 4316 ἔχοντες
1063 4272 1144 4281 —
1203 4237 1527 4318 σύμβολον
1591 4236 1793 4319 σαφὲς
1856 4235 2090 4321 λύπης]
2167 4237 2259 4302 Cf.
2308 4235 2379 4301 O.
2412 4235 2484 4301 R.
2534 4238 2679 4300 221.
2748 4236 2841 4319 μὴ

383 4322 504 4386 οὐκ
552 4323 722 4405 ἔχων
766 4347 820 4386 τι
869 4325 1209 4408 σύμβολον.
1257 4326 1407 4390 Eur.
1454 4326 1641 4391 Rth.
1689 4328 1835 4390 220.
1889 4327 2214 4411 σύμβολον
2261 4327 2319 4390 δ’
2367 4328 2537 4410 ἔχων
2583 4326 2781 4408 σαφὲς
2829 4324 2839 4411 1

380 4413 624 4495 φήσεις.
670 4411 904 4477 Herod.
952 4413 1029 4478 V.
1081 4416 1180 4478 92.
1226 4415 1445 4479 πιστὸν
1493 4453 1575 4462 -
1625 4416 2033 4499 συμβόλαιον.
2082 4415 2249 4482 Xen.
2298 4416 2442 4499 Cyr.
2493 4415 2604 4484 VI.
2651 4417 2703 4482 l.
2737 4415 2839 4483 46.
2973 4485 2980 4494 ,

380 4501 475 4573 ὡς
523 4500 581 4566 δ’
627 4502 794 4586 ἔγνω
844 4540 926 4550 -
972 4503 1046 4568 τὰ
1093 4504 1269 4590 παρὰ
1316 4512 1425 4589 τῆς
1472 4505 1770 4588 γυναικὸς
1815 4506 2132 4592 σύμβολα,
2180 4506 2306 4572 κτλ.
