3463 5287
1430 461 1681 507 omffus
1726 464 1852 507 Rex
2737 443 2865 507 269

414 619 564 683 Eur.
612 619 748 704 Iph.
798 621 873 683 A.
926 622 1070 684 171.
1135 619 1322 685 Hom.
1370 620 1442 684 ΙΙ.
1495 622 1594 703 18,
1642 623 1789 685 593.
1863 621 2022 685 ἔνθα
2088 622 2207 704 μὲν
2272 620 2477 705 ἠίθεοι
2531 621 2639 685 καὶ
2700 645 2864 704 παρ-

414 710 592 774 θένοι
656 709 1048 792 ἀλφεσίβοιαι
1098 709 1107 792 Ι
1157 711 1506 794 ὠρχοῦντο.
1573 712 1686 791 22,
1740 712 1881 773 127.
1947 711 2054 775 ἅτε
2115 712 2441 793 παρθένος
2505 710 2724 794 ἠΐθεός
2785 735 2865 775 τε.

415 797 647 864 Herod.
679 799 793 863 III.
826 800 930 863 48.
976 800 1230 864 ἵστασαν
1275 799 1513 883 χοροὺς
1548 800 1897 881 παρθένων
1943 824 2007 864 τε
2050 800 2157 864 καὶ
2188 801 2445 883 ἠϊθέων.
2538 799 2642 864 Sic
2690 800 2868 883 δήϊος

413 895 476 952 et
532 888 703 972 δῇος.
882 889 1105 972 ἠθέων
1159 889 1392 975 λεκτοί]
1461 888 1548 953 Of.
1604 888 1756 952 Eur.
1805 888 1960 954 Heo.
2010 891 2154 953 525.
2221 890 2428 953 λεκτοί
2492 889 2545 952 τ’
2592 889 2866 973 Ἀχαιῶν

413 980 687 1060 ἔκκριτοι
758 979 1010 1042 νεανίαι.
1068 977 1281 1063 Suppl.
1341 980 1486 1042 356.
1559 978 1816 1049 λεκτοὺς
1890 979 2200 1060 ἀθροίσας
2274 979 2446 1061 δεῦρ’
2507 979 2868 1062 Ἀθηναίων

413 1067 652 1149 κόρους
697 1067 708 1150 Ι
758 1069 914 1150 ἥξω.
980 1068 1155 1151 Virg.
1204 1069 1364 1132 Aen.
1411 1066 1528 1131 IX.
1578 1068 1723 1131 226.
1787 1067 2110 1132 ‘ductores
2172 1067 2488 1132 Teucrum
2550 1069 2740 1152 primi
2806 1076 2870 1132 et

416 1156 711 1221 delecta
756 1158 1128 1239 juventus
1168 1158 1177 1240 Ι
1219 1157 1558 1221 eonsilium
1607 1157 1876 1221 summis
1921 1158 2099 1241 regni
2147 1158 2226 1222 de
2273 1156 2463 1223 rebus
2510 1157 2865 1222 habebant)

600 1264 696 1327 19.
744 1263 973 1349 φῦλον]
1023 1264 1118 1328 Gl.
1164 1264 1237 1329 B.
1285 1265 1506 1348 φῦλον.
1555 1266 1737 1348 γένος
1781 1271 1890 1348 τῆς
1935 1265 2200 1336 πόλεως.

596 1354 697 1415 21.
747 1353 835 1418 Of.
861 1353 1095 1419 Herod.
1118 1354 1162 1417 I.
1189 1356 1289 1417 52.
1344 1352 1651 1438 Θηβαίων
1696 1358 1767 1419 ἐν
1811 1362 1905 1437 τῷ
1948 1363 2090 1439 νηῷ
2134 1360 2245 1419 τοῦ
2283 1353 2602 1438 Ἰσμηνίου
2640 1354 2864 1418 Ἀπόλ-

415 1442 643 1596 ὲααέἒοοςῷ
694 1442 875 1507 Pind.
924 1442 993 1507 P.
1041 1442 1158 1506 XI.
1211 1445 1308 1507 10.
1364 1442 1680 1528 Ἰσμήνιον
1746 1443 1806 1507 δ’
1871 1444 2204 1527 ὀνύμαξεν,
2270 1444 2512 1508 ἀλαθέα
2575 1450 2868 1527 μαντεῖον

596 1640 697 1701 22.
746 1640 837 1704 Of.
888 1640 1110 1704 Aesch.
1159 1638 1326 1724 Sept.
1357 1641 1505 1704 739.
1552 1645 1781 1705 κακῶν
1828 1639 1886 1705 δ’
1932 1641 2151 1724 ὥσπερ
2197 1641 2488 1705 θάλασσα
2534 1639 2688 1724 κῦμ’
2733 1641 2869 1724 ἄγει

419 1765 502 1774 -
550 1730 588 1792 δ
633 1729 740 1793 καὶ
801 1730 945 1811 περὶ
1007 1731 1306 1812 πρύμναν
1368 1730 1617 1800 πόλεως
1680 1730 1993 1813 καχλάζει.
2058 1731 2250 1796 Thuo.
2300 1729 2410 1793 VI.
2462 1731 2559 1794 10.
2624 1730 2731 1794 καὶ
2774 1731 2865 1814 μὴ

414 1819 721 1901 μετεώρῳ
765 1825 841 1902 τῇ
886 1822 971 1900 (τε
1020 1820 1212 1904 vulg.)
1257 1819 1434 1884 πόλει
1480 1820 1701 1893 ἀξιοῦν
1747 1820 2146 1884 κινδυνεύειν.

596 1927 696 1988 23.
747 1926 1019 2011 σαλεύει]
1088 1925 1184 1990 Gl.
1230 1927 1302 1991 B.
1349 1927 1653 1991 κλονεῖται
1708 1928 1817 1991 καὶ
1870 1927 2232 1992 κινδυνεύει.
2311 1926 2399 1991 Cf.
2448 1926 2526 1990 ad
2577 1928 2722 1991 695.
2772 1926 2868 1992 ΕΙ.

424 2015 610 2077 1074.
657 2015 975 2097 πρόδοτος
1008 2053 1088 2062 -
1125 2017 1366 2080 σαλεύει
1405 2015 1731 2100 Ἠλέκτρα.
1784 2016 1933 2081 Eur.
1981 2017 2166 2082 RheS.
2215 2017 2361 2080 249.
2426 2017 2576 2080 ὅταν
2622 2053 2707 2063 -
2756 2039 2867 2080 σα-

419 2102 567 2187 λεύῃ
616 2104 810 2175 πόλις.
877 2104 1032 2169 Plat.
1081 2105 1270 2189 Legg.
1320 2105 1434 2170 XI.
1486 2108 1612 2169 923
1651 2107 1717 2171 B.
1786 2107 1853 2170 ἐν
1906 2106 2117 2177 νόσοις
2162 2108 2202 2189 ἢ
2252 2107 2417 2189 γήρᾳ
2475 2106 2868 2175 σαλεύοντας.

417 2190 608 2257 Isocr.
654 2213 710 2277 p.
764 2196 905 2258 178.
961 2195 1072 2278 τὴν
1137 2196 1259 2278 γὰρ
1322 2196 1631 2259 πολιτείαν
1678 2233 1764 2242 -
1813 2196 2104 2259 σαλεῦσαι
2168 2196 2277 2275 (al.
2326 2195 2733 2278 σαλευθῆναι)
2784 2232 2865 2241 -

419 2283 724 2365 ἐποίησεν.
780 2284 1033 2347 Arrian.
1081 2283 1219 2348 Ind.
1269 2287 1372 2363 27,
1420 2286 1477 2348 3.
1532 2285 1641 2348 καὶ
1685 2287 1753 2349 αἱ
1797 2286 1929 2355 νέες
1974 2284 2073 2348 ἐπ’
2120 2284 2456 2367 ἀγκυρέων
2511 2285 2868 2348 ἐσάλευσαν.

418 2369 604 2435 Dion.
651 2371 793 2436 Hal.
840 2375 991 2437 Ant„
1037 2373 1109 2438 R.
1142 2373 1259 2438 XI.
1295 2375 1438 2437 691.
1488 2375 1847 2439 σεσάλευται
1892 2373 2000 2438 καὶ
2045 2380 2220 2438 νοσεῖ
2255 2373 2326 2437 τὸ
2371 2374 2635 2456 πάτριον
2680 2375 2871 2457 ἡμῶν

418 2460 758 2545 πολίτευμα
805 2463 877 2526 ἐκ
924 2463 1180 2527 πολλοῦ.
1231 2463 1391 2527 Plut.
1425 2463 1645 2548 Pomp.
1680 2466 1782 2528 53.
1830 2465 2164 2546 ἐκύμαινεν
2209 2464 2248 2546 ἡ
2296 2463 2476 2534 πόλις
2520 2463 2627 2527 καὶ
2667 2463 2869 2527 πάντα

417 2549 490 2613 τὰ
536 2552 876 2634 πράγματα
926 2553 1119 2616 σάλον
1165 2551 1304 2635 εἶχε.
1449 2554 1916 2635 κάνακουφίσαι
1961 2552 2163 2637 κάρα]
2213 2553 2303 2616 Cf.
2348 2553 2445 2617 Fr.
2480 2555 2581 2616 22.
2628 2554 2868 2617 τούκεί-

419 2665 532 2723 νης
595 2641 894 2723 (αἰγείρου
947 2642 1225 2725 μακρᾶς)
1271 2643 1439 2725 κάρα
1481 2643 1490 2726 Ι
1530 2650 1691 2708 κινεῖ
1746 2669 1833 2715 τις
1896 2645 2062 2724 αὔρα
2135 2643 2589 2726 κάνακουφίζει
2642 2642 2872 2724 πτερόν

419 2730 708 2811 (πάλινΡ).
777 2732 926 2795 Eur.
976 2732 1077 2795 Or.
1129 2735 1274 2795 218.
1333 2733 1751 2816 ἀνακουφίσω
1819 2734 2033 2816 δέμας.
2107 2732 2296 2816 Hipp.
2352 2733 2536 2796 1392.
2604 2733 2869 2796 ἀνεκου-

418 2820 659 2903 φίσθην
707 2821 920 2903 δέμας.

600 2929 702 2991 24.
748 2926 1002 3012 βυθῶν]
1052 2925 1355 3012 DepthS.
1435 2929 1525 2993 Cf.
1559 2932 1657 3013 Aj.
1686 2931 1874 2994 1087.
1909 2930 2020 2994 Ph.
2046 2931 2189 2993 783.
2224 2927 2294 2992 Ο.
2317 2927 2382 2992 C.
2419 2931 2562 2993 500.
2598 2930 2694 2994 Fr.
2726 2930 2868 2993 748.

421 3017 645 3080 Aesch.
704 3016 912 3081 Prom.
969 3019 1116 3081 430.
1183 3018 1333 3083 Cho.
1392 3020 1537 3082 500.
1603 3019 1820 3103 Suppl.
1879 3020 2025 3083 403.
2092 3018 2189 3082 Fr.
2246 3018 2375 3082 Ino.
2431 3020 2571 3082 168.
2640 3019 2870 3102 Adesp.

426 3107 569 3185 110,
616 3111 673 3171 4.
721 3108 834 3170 καί
873 3131 955 3189 με
1002 3113 1342 3190 συμφορᾶς
1388 3108 1482 3171 ἀεὶ
1524 3113 1532 3186 Ι
1572 3110 1805 3190 βαθεῖα
1861 3109 2037 3191 κηλὶς
2082 3111 2156 3172 ἐκ
2201 3109 2433 3191 βυθῶν
2480 3108 2869 3189 ἀναστρέφει.

422 3194 669 3260 Heliod.
719 3198 786 3275 2,
840 3198 935 3260 17.
1000 3197 1281 3261 κλύδωνι
1344 3202 1569 3261 κακῶν
1642 3198 2108 3280 βεβυθισμένοι.
2274 3198 2357 3260 ἔτ’
2405 3197 2523 3279 οὐχ
2576 3196 2691 3282 —j
2747 3197 2869 3260 Pro

422 3286 540 3368 οὐχ
606 3287 706 3349 οἵα
771 3310 835 3349 τε
898 3288 981 3350 ἔτι
1031 3323 1140 3351 -.
1219 3284 1306 3351 Cf.
1353 3287 1449 3350 Tr.
1506 3287 1646 3349 161.
1713 3287 1806 3357 ὡς
1870 3286 1951 3350 ἔτ’
2000 3287 2120 3350 οὐκ
2176 3287 2288 3349 ῶν.
2346 3285 2501 3348 Phil.
2556 3288 2741 3350 1217.
2790 3285 2871 3348 ἔτ’

422 3375 610 3438 οὐδέν
674 3376 812 3456 εἰμι.
879 3378 1071 3440 Arist.
1122 3376 1213 3440 Pl.
1266 3378 1453 3440 1117.
1518 3377 1699 3439 θύειν
1764 3375 1845 3439 ἔτ’
1893 3376 2100 3446 οὐδεὶς
2146 3376 2323 3449 ἀξιοῖ.
2461 3375 2581 3457 οὐχ
2629 3377 2729 3439 οἵα
2775 3374 2869 3459 τε]

423 3463 511 3527 Cf.
566 3465 750 3527 1415.
819 3464 968 3528 Eur.
1030 3465 1252 3530 Bacch.
1319 3467 1503 3528 1255.
1578 3467 1925 3548 θεομαχεῖν
1987 3466 2190 3547 μόνον
2238 3467 2247 3548 Ι
2297 3465 2429 3536 οἷός
2501 3464 2552 3527 τ’
2618 3466 2871 3536 ἐκεῖνος.

421 3555 612 3618 Arist.
659 3554 773 3637 Eq.
824 3555 969 3618 343.
1025 3554 1180 3617 Rau.
1233 3557 1420 3620 1087.
1474 3554 1581 3618 Th.
1635 3556 1779 3618 178.
1836 3554 1980 3637 Lys.
2031 3555 2174 3618 718.
2354 3556 2605 3636 φοινίου
2652 3551 2871 3640 σάλου]

421 3642 794 3728 Improprie,
861 3645 1040 3708 utin
1088 3648 1237 3708 Ant.
1291 3646 1432 3710 163.
1509 3644 1757 3725 Redde,
1821 3644 1917 3726 by
1983 3663 2246 3710 reason
2308 3645 2385 3707 of
2424 3645 2545 3708 the
2592 3644 2872 3726 bloody

423 3751 664 3815 surge.
742 3733 833 3798 Cf.
884 3735 980 3816 Aj.
1032 3735 1176 3797 351.
1243 3734 1459 3799 ἴδεσθέ
1501 3736 1572 3817 μ’
1620 3734 1756 3797 οἷον
1811 3734 1946 3816 ἄρτι
1991 3739 2166 3815 κῦμα
2214 3734 2462 3815 φοινίας
2506 3734 2633 3797 ὑπὸ
2681 3733 2874 3816 ζάλης

422 3821 836 3905 ἀμφίδρομον
879 3822 1207 3887 κυκλεῖται.

602 3930 684 3991 25
717 3949 808 4012 sq.
874 3928 1032 3994 Cum
1099 3929 1221 3993 hoe
1283 3930 1422 3995 looo
1488 3930 1564 3993 cf.
1621 3930 1750 3994 269
1783 3950 1874 4013 sq.
1941 3931 2167 3995 Aeseh.
2224 3928 2436 4013 Suppl.
2487 3929 2872 3992 676—692.

424 4016 605 4080 Eum.
666 4019 792 4082 940
825 4038 914 4101 sq.
985 4021 1128 4083 735.
1195 4020 1265 4082 ἐκ
1325 4019 1393 4082 δὲ
1447 4025 1559 4083 τοῦ
1614 4019 1826 4102 λειχὴν
1880 4019 2161 4102 ἄφυλλος
2223 4020 2482 4089 ἄτεκνος
2536 4055 2617 4065 -
2675 4018 2874 4082 πέδον

424 4107 796 4190 ἐπισύμενος
856 4109 1353 4191 βροτοφθόρους
1406 4110 1668 4192 κηλῖδας
1731 4111 1799 4173 ἐν
1854 4112 2038 4191 χώρᾳ
2091 4108 2282 4191 βαλεῖ.
2347 4109 2572 4171 Aesoh.
2621 4108 2724 4187 69,
2776 4109 2872 4169 15.

421 4197 580 4279 μήτε
643 4204 759 4281 γῆν
822 4198 1113 4280 καρποὺς
1176 4201 1392 4281 φέρειν
1454 4200 1611 4282 μήτε
1685 4205 1987 4281 γυναῖκας
2048 4200 2232 4261 τέκνα
2307 4199 2523 4260 τίκτειν
2588 4202 2874 4279 γονεῦσιν

423 4286 688 4350 ἐοικότα.
737 4286 963 4349 Aesch.
996 4307 1047 4352 o.
1082 4287 1244 4352 CteS.
1281 4288 1381 4352 36.
1428 4290 1586 4373 μήτε
1618 4295 1736 4372 γῆν
1771 4287 2063 4370 καρποὺς
2093 4289 2324 4369 φέρειν,
2369 4289 2527 4369 μήτε
2573 4291 2874 4368 γυναῖκας

422 4377 606 4439 τέκνα
663 4376 897 4448 τίκτειν,
969 4378 1127 4458 μήτε
1199 4379 1577 4460 βοσκήματα
1652 4377 1844 4461 γονὰς
1914 4377 2248 4440 ποιεῖσθαι.
2322 4373 2489 4439 Xen.
2540 4375 2713 4439 Vect.
2760 4374 2871 4437 IV.

423 4465 573 4529 ὅταν
627 4489 689 4529 τε
735 4463 817 4528 αὖ
864 4466 1182 4549 νοσήσωσι
1227 4467 1439 4537 πόλεις
1485 4469 1524 4550 ἢ
1564 4468 1859 4550 ἀφορίαις
1903 4471 2178 4549 καρπῶν
2223 4467 2263 4548 ἢ
2309 4464 2590 4547 πολέμῳ.
2640 4463 2874 4527 Herod.

422 4553 533 4617 VI.
573 4556 714 4618 139.
762 4555 1160 4620 ἀποκτείνασι
1207 4556 1278 4620 δὲ
1323 4563 1474 4620 τοῖσι
1521 4555 1901 4638 Πελασγοῖσι
1952 4555 2100 4626 τοὺς
2147 4556 2490 4638 σφετέρους
2533 4554 2766 4624 παῖδάς
2811 4578 2874 4616 τε
