3463 5287
1435 395 1687 441 onmpns
1733 397 1856 441 unx
2747 379 2872 443 391

415 558 689 641 ,ᾗοιηηθ
699 576 760 638 y.
840 554 927 619 Of.
972 555 1155 638 Soph.
1191 555 1260 619 Ο.
1284 555 1348 620 Ο.
1388 557 1575 619 1165.
1608 555 1905 620 ἀπελθεῖν
1935 558 1984 619 τ’
2017 555 2324 639 ἀσφαλῶς
2353 560 2463 639 τῆς
2495 556 2665 639 δεῦρ’
2697 557 2875 622 ὁδοῦ.

420 646 610 712 Arist.
645 644 787 709 Pac.
828 646 1012 708 1155.
1058 652 1168 729 τῆς
1215 646 1407 728 αὐτῆς
1453 646 1629 709 ὁδοῦ.
1675 645 1982 728 Theophr.
2017 645 2195 710 Char.
2228 644 2338 708 IV.
2384 645 2493 708 καὶ
2537 651 2647 728 τῆς
2678 648 2872 730 αὐτῆς

422 735 580 799 ὁδοῦ
627 735 1016 817 κομίσασθαι
1061 733 1214 816 παρ’
1252 734 1507 818 Ἀρχίου
1553 740 1665 799 τοῦ
1703 736 2012 817 ταρίχους.
2089 733 2459 798 Dindorfius
2490 754 2637 799 oum
2669 735 2874 800 Wun-

421 826 570 889 dero
618 826 967 908 genitivum
1015 825 1201 908 pretii
1248 824 1437 889 habet
1482 824 1622 889 coll.
1668 824 1738 887 Ο.
1774 824 1839 887 C.
1879 825 2066 888 1505.
2114 825 2227 887 καί
2267 848 2365 887 σοι
2410 824 2590 888 θεῶν
2629 823 2638 907 Ι
2678 825 2874 908 τύχην

420 938 505 985 τις
550 914 785 997 ἐσθλὴν
828 914 1004 997 τῆσδ’
1052 915 1250 996 ἔθηκε
1293 919 1403 997 τῆς
1449 914 1626 978 ὁδοῦ.
1676 912 1824 976 Eur.
1872 914 2011 978 Alc.
2056 914 2242 977 1046.
2289 913 2546 977 πολλῶν
2593 913 2663 977 δὲ
2707 914 2870 997 μόχ-

419 1004 564 1068 θων
610 1002 769 1086 ἦλθε
813 1009 1024 1087 χεῖρας
1070 1004 1156 1074 εἰς
1201 1003 1375 1085 ἐμάς.

604 1094 790 1156 1481.
837 1092 1117 1175 ἀδελφὰς
1164 1129 1246 1138 -
1294 1092 1518 1176 χέρας]
1579 1092 1668 1157 Cf.
1717 1090 1788 1157 O.
1823 1090 1885 1156 C.
1939 1092 2125 1157 1261.
2174 1091 2320 1155 Ant.
2375 1092 2517 1156 192.
2566 1090 2715 1156 Eur.
2767 1091 2871 1156 Or.

420 1184 565 1245 222.
611 1182 777 1246 κούκ
825 1182 1158 1264 ἀναίνομαι
1199 1181 1208 1265 Ι
1249 1182 1470 1265 ἀδελφ’
1504 1181 1750 1265 ἀδέλφῇ
1796 1181 1953 1264 χειρὶ
1994 1182 2371 1263 θεραπεύειν
2414 1181 2592 1265 μέλη.
2640 1183 2869 1247 Aesoh.

419 1270 584 1355 Sept.
634 1272 780 1334 933.
844 1271 1057 1354 χερσὶν
1112 1271 1586 1353 ὁμοσπόροισιν.
1663 1269 1762 1336 Do
1817 1272 2209 1355 sigmatismo
2267 1271 2337 1334 in
2392 1271 2510 1335 hoc
2559 1290 2746 1335 versu
2793 1273 2869 1334 cf.

418 1359 566 1424 Eur.
614 1359 747 1445 Iph.
794 1361 857 1424 T.
908 1362 1052 1423 765.
1107 1360 1178 1424 τὸ
1235 1366 1424 1443 σῶμα
1483 1361 1698 1431 σώσας
1752 1359 1898 1431 τοὺς
1943 1360 2173 1442 λόγους
2217 1361 2442 1431 σώσεις
2487 1361 2645 1442 ε’μοί.
2705 1360 2869 1425 Med.

419 1451 565 1512 473.
613 1451 822 1513 ἔσωσά
870 1449 946 1523 σ’,
995 1450 1087 1519 ὡς
1133 1452 1332 1513 ἴσασιν
1368 1449 1692 1532 Ἑλλήνων
1739 1451 1892 1512 ὅσοι.

602 1541 784 1602 1482.
833 1545 1198 1621 φυτουργοῦ
1261 1538 1533 1622 πατρὸς]
1601 1539 1690 1602 Cf.
1737 1539 1833 1602 Tr.
1883 1539 2028 1602 360.
2092 1538 2200 1602 τὸν
2254 1538 2664 1621 φυτοσπόρον
2722 1539 2866 1620 (πα-

416 1629 600 1709 τέρα).
648 1630 876 1692 Aesch.
910 1627 1124 1713 Suppl.
1162 1630 1306 1692 592.
1354 1628 1563 1712 πατὴρ
1610 1628 1987 1711 φυτουργός.
2035 1628 2185 1691 Eur.
2216 1627 2353 1691 Tro.
2394 1630 2541 1691 481.
2588 1628 2698 1694 τὸν
2743 1653 2866 1711 φυ-

415 1716 685 1799 τουργὸν
730 1716 1048 1801 Πρίαμον.
1096 1717 1229 1801 Iph.
1269 1720 1346 1782 A.
1383 1718 1527 1781 949.
1574 1716 1800 1800 Νηρέα
1848 1716 2212 1799 φυτουργὸν
2265 1715 2540 1788 Θέτιδος.
2588 1717 2684 1781 Fr.
2721 1720 2868 1782 957.

413 1806 743 1889 προσῆλθε
787 1808 977 1890 μητρὶ
1030 1807 1137 1870 καὶ
1183 1807 1517 1890 φυταλμίῳ
1562 1807 1765 1887 πατρὶ.
1947 1804 2067 1869 ὧδ’
2113 1805 2295 1891 ὁρᾶν]
2352 1806 2656 1889 “Manus,
2704 1826 2869 1890 quae

415 1896 761 1961 effecerunt
807 1902 878 1960 ut
922 1898 1118 1981 patris
1166 1896 1384 1961 oculos
1429 1914 1603 1959 nunc
1652 1895 1807 1960 tales
1856 1896 2120 1960 videatis
2168 1895 2387 1979 qualos
2435 1896 2692 1974 videtis,
2740 1897 2781 1959 i.
2814 1915 2866 1960 e.

416 1985 655 2050 lumine
700 1985 1040 2069 privatos.”
1088 1986 1325 2065 (Dind.)

597 2075 783 2138 1483.
830 2075 1294 2159 προυξένησαν]
1344 2075 1658 2155 Causod,
1690 2074 2270 2157 accomplished.
2318 2073 2499 2137 Idem
2532 2075 2661 2139 fere
2695 2074 2867 2157 quod

413 2164 652 2245 ἤνυσαν
699 2165 890 2245 (720).
968 2164 1062 2228 Of.
1119 2163 1187 2227 O.
1222 2163 1287 2228 C.
1337 2165 1483 2226 465.
1530 2163 1625 2228 Tr.
1677 2163 1823 2227 726.
1902 2161 2026 2228 Sed
2094 2164 2304 2246 lectiO,
2369 2164 2436 2226 ni
2501 2163 2708 2245 fallor,
2773 2164 2868 2226 vi—

414 2254 574 2316 tiosa
619 2258 728 2317 est

600 2344 782 2406 1484.
829 2341 1122 2427 ἱστορῶν]
1190 2342 1468 2407 Sciens.
1548 2342 1637 2407 Cf.
1684 2341 1781 2404 Tr.
1832 2343 1976 2406 382.
2044 2342 2270 2407 Aesch.
2327 2342 2445 2425 Ag.
2497 2342 2642 2407 676.
2708 2342 2767 2406 εἰ
2808 2342 2867 2405 δ’

413 2430 529 2495 οὖν
573 2456 662 2502 τις
708 2432 878 2502 ἀκτὶς
924 2433 1102 2514 ἡλίου
1150 2457 1243 2496 νιν
1289 2431 1564 2513 ἱστορεῒΙ
1604 2432 1932 2515 βλέποντα.

601 2522 786 2585 1485.
836 2520 1111 2606 ἠρόθην]
1147 2521 1238 2585 Cf.
1258 2522 1408 2585 Eur.
1429 2521 1566 2584 Tro.
1594 2521 1736 2583 135.
1769 2519 1878 2583 τὸν
1895 2520 2258 2602 πεντήκοντ’
2291 2521 2574 2604 ἀροτῆρα
2607 2522 2864 2585 τέκνων.

598 2611 782 2675 1487.
831 2610 904 2674 τὰ
951 2610 1137 2675 λοιπὰ
1202 2616 1313 2674 τοῦ
1378 2616 1612 2692 πικροῦ
1676 2609 1855 2694 βίου]
1923 2609 2009 2674 Cf.
2065 2611 2251 2673 1125.
2317 2610 2389 2674 τὰ
2454 2611 2706 2676 πλεῖστα
2752 2616 2864 2675 τοῦ

410 2701 572 2782 βίου.
622 2700 778 2765 O.C.
816 2702 959 2764 583.
1006 2700 1078 2764 τὰ
1126 2700 1351 2765 λοίσθι’
1399 2701 1556 2764 αἰτεῖ
1593 2706 1704 2764 τοῦ
1750 2702 1912 2784 βίου.
1967 2701 2153 2763 1137.
2200 2701 2308 2764 καὶ
2347 2700 2419 2763 τὰ
2452 2701 2639 2765 λοιπά
2685 2699 2860 2788 μου]

409 2789 606 2871 μέλου
656 2790 932 2860 δικαίως.
998 2790 1091 2853 ΕΙ.
1146 2791 1332 2854 1226.
1398 2791 1528 2872 ἔχω
1576 2813 1645 2853 σε
1701 2791 1945 2873 χερσίν,·
2018 2787 2143 2854 ΟΡ.
2202 2790 2294 2860 ὡς
2349 2789 2420 2853 τὰ
2478 2787 2642 2853 λοίπ’
2697 2791 2867 2873 ἔχοις

412 2879 522 2942 ἀεί.
576 2880 762 2943 1288.
826 2879 900 2943 τὰ
963 2880 1082 2961 μὲν
1146 2880 1589 2961 περισσεύοντα
1645 2884 1776 2943 τῶν
1830 2878 2041 2961 λόγων
2087 2880 2262 2961 ἄφες.
2329 2879 2488 2942 Phil.
2539 2882 2640 2941 24.
2687 2880 2863 2942 τάπί-

410 2968 596 3032 λοιπα
642 2973 771 3034 τῶν
817 2969 1042 3050 λόγων.
1098 2970 1238 3032 131.
1288 2968 1480 3051 δέχου
1527 2968 1599 3031 τὰ
1650 2969 2054 3051 συμφέροντα
2103 2973 2232 3030 τῶν
2263 2967 2358 3031 ἀεὶ
2393 2968 2621 3049 λόγων.
2674 2969 2863 3031 1259.

414 3058 641 3121 Aesch.
676 3058 881 3122 Prom.
920 3059 1064 3122 780.
1112 3059 1259 3122 ἑλοῦ
1293 3058 1413 3140 γὰρ
1461 3059 1519 3121 εἴ
1558 3057 1780 3121 πόνων
1823 3056 1898 3119 τὰ
1946 3057 2133 3120 λοιπά
2181 3079 2278 3120 σοι
2326 3056 2579 3138 φράσω.
2626 3055 2862 3121 Herod.

411 3145 520 3209 IV.
576 3149 717 3210 154.
756 3147 809 3210 1.
856 3146 929 3210 τὰ
978 3148 1264 3211 ἐπίλοιπα
1310 3153 1422 3210 τοῦ
1469 3147 1679 3228 λόγου.

592 3237 779 3300 1489.
826 3238 1037 3300 ἀστῶν
1087 3273 1168 3282 -
1217 3235 1492 3318 ὁμιλίας]
1560 3234 1647 3300 Cf.
1698 3234 1790 3297 El.
1841 3236 1987 3297 418.
2037 3234 2283 3297 εἰσιδεῖν
2329 3233 2568 3316 πατρὸς
2602 3271 2684 3282 --
2719 3234 2862 3298 δευ-

410 3327 593 3408 τέραν
640 3326 901 3406 ὁμιλίαν.

594 3416 778 3478 1490.
826 3414 1278 3498 κεκλαυμέναι]
1336 3414 1599 3479 Passiva
1654 3413 1856 3478 forma
1912 3413 2153 3478 mediae
2201 3414 2375 3477 vocis
2420 3411 2750 3477 κλαίεσθαι
2795 3419 2867 3477 ut

408 3505 759 3588 πεποίημαι
806 3510 917 3568 etc.
997 3503 1086 3568 Cf.
1136 3503 1206 3568 Ο.
1241 3503 1306 3568 O.
1360 3505 1546 3568 1016.
1606 3504 1836 3568 Aescb.
1887 3504 2037 3568 Cho.
2091 3503 2235 3566 719.
2290 3502 2533 3585 τροφὸν
2581 3502 2639 3566 δ’
2678 3500 2861 3584 Ὀρέ-

411 3618 558 3658 στου
604 3592 778 3676 τήνδ’
825 3594 963 3675 ὁρῶ
1009 3593 1460 3676 κεκλαυμένην.
1528 3593 1675 3657 450.
1722 3592 2140 3675 κεκλαυμένα.
2200 3590 2367 3675 Sept.
2417 3593 2563 3655 814.
2609 3597 2863 3655 τοιαῦτα

408 3685 646 3767 χαίρειν
718 3683 827 3746 καὶ
891 3683 1285 3766 δακρύεσθαι
1346 3684 1539 3764 πάρα.
1626 3682 1819 3765 Apud
1883 3682 2233 3746 Homerum
2313 3682 2728 3763 δεδάκρυνται
2793 3680 2866 3745 δέ

408 3796 520 3853 μοι
567 3773 741 3845 ὄσσε,
791 3772 1203 3854 δεδάκρυνται
1251 3772 1321 3836 δὲ
1365 3772 1632 3852 παρειαί.
1682 3771 1846 3836 Plut.
1897 3770 1971 3836 V.
2009 3769 2187 3834 Dem.
2223 3771 2323 3834 26.
2373 3770 2862 3852 δεδακρυμένος.

410 3861 487 3922 V.
534 3858 776 3925 Lucull.
828 3864 926 3925 35.
973 3860 1261 3933 ταπεινὸς
1305 3861 1413 3925 καὶ
1460 3861 1950 3944 δεδακρυμένος.
2002 3860 2272 3925 Pausan.
2319 3860 2367 3924 I.
2417 3863 2519 3924 21.
2570 3862 2626 3923 5.
2676 3859 2862 3923 δεδα-

409 3950 734 4033 κρυμένην
781 3988 862 3998 —-
909 3951 1020 4015 καὶ
1063 3957 1319 4034 κατηφῆ
1367 3957 1649 4033 γυναῖκα.

595 4041 780 4103 1492.
828 4040 991 4122 ἡνίκ’
1038 4042 1117 4104 ἂν
1166 4039 1278 4124 δὴ]
1347 4039 1393 4104 Ι.
1443 4060 1499 4123 q.
1566 4039 1780 4123 ἐπειδὴ
1841 4040 1921 4104 ἄν
1965 4039 2290 4120 (ἐπειδάν).
2425 4038 2590 4121 πρὸς
2636 4039 2865 4122 γάμων

410 4166 494 4175 -
544 4128 787 4214 ἀκμὰς]
854 4130 901 4193 Ι.
950 4149 1006 4212 q.
1071 4129 1233 4211 πρὸς
1289 4130 1500 4211 γάμου
1548 4130 1744 4211 ὥραν.
1824 4127 1910 4193 Of.
1963 4130 2107 4192 741.
2153 4130 2285 4192 τίνα
2334 4128 2392 4192 δ’
2439 4127 2655 4210 ἀκμὴν
2700 4130 2865 4212 ἥβης

408 4220 610 4302 ἔχων,·
656 4216 804 4282 Eur.
836 4217 978 4282 Hel.
1017 4220 1115 4282 12.
1162 4219 1294 4283 ἐπεὶ
1342 4219 1398 4282 δ’
1447 4220 1511 4289 ἐς
1558 4220 1723 4302 ἥβην
1770 4218 1965 4302 ἦλθεν
2010 4217 2217 4300 ὡραία
2266 4219 2509 4300 γάμων.

590 4309 780 4371 1493.
827 4307 1249 4392 παραρρίψει]
1300 4308 1568 4391 Anglice
1617 4308 1774 4371 will
1821 4312 2154 4372 venture.
2234 4305 2325 4370 Cf.
2373 4307 2471 4370 Fr.
2520 4307 2667 4370 499.
2713 4306 2861 4370 λεπ-

405 4404 515 4483 τῆς
561 4397 665 4462 &ni
711 4398 918 4481 ῥοπῆς
964 4399 1085 4480 γὰρ
1132 4397 1414 4480 ἐμπολᾶς
1457 4396 1713 4480 μακρὰς
1756 4398 1765 4480 Ι
1806 4397 1900 4461 ἀεὶ
1944 4397 2495 4479 παραρρίπτοντες.
2568 4395 2667 4460 De
2712 4414 2863 4460 con-

408 4488 760 4556 structione
824 4489 898 4552 cf.
950 4490 1095 4552 Ant.
1146 4488 1291 4552 220.
1358 4486 1479 4550 οὔκ
1551 4487 1712 4551 ἔστιν
1786 4488 1955 4551 οὕτω
2018 4491 2244 4572 μῶρος
2308 4488 2380 4558 ὃς
2444 4486 2664 4550 θανεῖν
2726 4485 2861 4568 ἐρᾷ.
