3463 5287
1438 421 1735 468 Ammona·
2685 403 2809 465 105

533 585 678 646 982.
718 583 1152 667 Ἐρεχθειδᾶν]
1218 581 1424 647 801101.
1488 587 1618 646 τῶν
1663 582 2043 664 Ἀθηναίων.
2110 580 2290 646 Dem.
2338 601 2396 665 p.
2451 582 2662 655 1385„
2701 580 2810 645 τὸν

352 674 471 757 μὲν
533 673 640 737 καὶ
705 674 776 737 ἐκ
842 674 1063 755 γένους
1117 674 1267 737 ὄντα
1321 678 1432 736 τοῦ
1478 670 1934 755 Εὐμολπιδῶν.
2003 671 2232 735 Aesch.
2280 670 2466 734 Eum.
2517 672 2619 734 58.
2669 670 2809 735 οὐδ’

353 766 484 848 ἥτις
530 761 635 826 αἶα
683 765 846 827 τοῦτ’
893 763 1218 846 ἐπεύχεται
1264 763 1461 844 γένος.

536 854 679 916 983.
726 850 1124 935 τηλεπόροις]
1173 850 1263 915 Cf.
1312 851 1501 916 Arist.
1549 850 1715 915 Nub.
1751 851 1897 915 967.
1943 851 2294 935 τηλέπορον
2338 851 2577 935 βόαμα.

536 943 680 1004 984.
730 941 820 1006 Cf.
866 940 1124 1006 Hesiod.
1169 940 1277 1004 Th.
1327 942 1472 1005 268.
1537 941 1614 1003 αἵ
1656 939 1724 1022 ῥ’
1774 941 2031 1024 ἀνέμων
2093 947 2346 1024 πνοιῇσι
2400 941 2507 1005 καὶ
2563 942 2814 1011 οἰωνοῖς

355 1031 467 1114 ἅμ’
515 1032 782 1095 ἕπονται.
828 1031 998 1114 Tyrt„
1047 1032 1106 1114 8,
1155 1032 1255 1094 54.
1301 1030 1469 1114 μηδὲ
1514 1030 1765 1112 πρόσθε
1810 1030 1982 1094 θέειν
2029 1031 2303 1112 ἀνέμων.

540 1140 683 1202 985.
729 1136 1014 1222 Βορεὰς]
1083 1138 1170 1203 Cf.
1226 1137 1502 1221 Theogn.
1553 1137 1698 1200 716.
1766 1138 2087 1220 ὠκύτερος
2144 1138 2202 1201 δ’
2259 1138 2486 1220 εἴησθα
2536 1173 2619 1185 -
2665 1138 2811 1199 παί-

359 1230 496 1293 δων
527 1228 789 1311 Βορέω,
834 1234 964 1291 τῶν
1009 1228 1188 1310 ἄφαρ
1221 1228 1332 1291 εἰσὶ
1362 1226 1573 1297 πόδες.
1619 1227 1789 1308 Tyrt.
1827 1229 1926 1305 12,
1947 1230 2005 1289 4.
2054 1228 2252 1310 νικῴη
2299 1227 2368 1291 δὲ
2399 1227 2577 1291 θεῶν
2616 1224 2811 1310 Θρηΐ-

356 1343 499 1382 κιον
546 1318 816 1401 Βορέην.
954 1317 1327 1398 ὀρθόποδος
1388 1316 1550 1399 ὑπὲρ
1595 1315 1841 1400 πάγου]
1910 1315 1998 1380 Cf.
2053 1318 2239 1381 1126.
2304 1317 2466 1399 ὑπὲρ
2524 1316 2813 1398 διλόφοιο

356 1410 603 1490 πέτρας.
742 1407 1114 1489 ὀρθόποδος
1149 1406 1264 1491 -]
1320 1404 1527 1471 801101.
1574 1406 1829 1488 ὑψηλοῦ
1876 1406 2072 1488 ὄρους
2117 1406 2224 1470 καὶ
2270 1406 2644 1489 ἀκρωρείας.
2724 1404 2813 1469 Cf.

359 1499 586 1561 Aesch.
620 1495 802 1560 Eum.
839 1497 984 1559 294.
1031 1497 1275 1580 τίθησιν
1320 1495 1524 1578 ὀρθὸν
1557 1533 1639 1542 —-
1672 1495 1862 1559 πόδα.
1939 1495 2117 1559 Infra
2168 1496 2354 1559 1145.
2403 1494 2817 1578 Παρνασσίαν

359 1586 519 1669 ὑπὲρ
566 1587 789 1649 κλιτύν.
837 1585 934 1650 Fr.
988 1587 1132 1668 110,
1182 1587 1235 1648 1.
1284 1586 1392 1649 ἀπ’
1440 1586 1687 1669 ὀρθίων
1733 1585 1962 1666 πάγων
2001 1586 2009 1668 Ι
2051 1587 2398 1668 καθεΐρπεν
2444 1585 2696 1668 ἔλαφος.

541 1693 685 1758 986.
732 1693 887 1756 κάπ’
935 1693 1142 1775 ἐκείνᾳ
1190 1730 1272 1739 -
1321 1691 1531 1776 ἔσχον]
1607 1691 1963 1757 Assailed
2030 1711 2219 1757 even
2293 1692 2437 1757 her.
2516 1691 2604 1756 Cf.
2653 1691 2814 1756 Phil.

365 1783 552 1847 1120.
602 1783 905 1865 στυγερὰν
951 1784 1055 1865 ἔχε
1102 1782 1469 1865 δύσποτμον
1514 1782 1678 1864 ἀρὰν
1735 1782 1833 1845 ἐπ’
1880 1782 2104 1853 ἄλλοις.
2159 1781 2347 1846 Hom.
2397 1781 2511 1847 Od.
2566 1783 2665 1862 19,
2712 1782 2814 1844 71.

362 1872 683 1955 δαιμονίη,
748 1875 805 1935 τί
843 1896 956 1954 μοι
1020 1870 1140 1936 ὧδ’
1205 1871 1446 1954 ἐπέχεις
1509 1871 1661 1954 (Lat.
1711 1873 1792 1935 111
1837 1890 1947 1934 1110
2003 1873 2425 1950 inveheris)
2490 1871 2817 1955 κεκοτηότι

361 1963 578 2044 θυμῷ.
629 1964 733 2043 22,
771 1963 870 2024 75.
918 1961 1018 2025 ἐπὶ
1066 1960 1124 2025 δ’
1171 1962 1347 2042 αὐτῷ
1390 1961 1618 2031 πάντες
1664 1962 1916 2043 ἔχωμεν
1957 1962 1966 2040 Ι
2007 1962 2241 2043 ἀθρόοι
2287 1962 2814 2043 (ingruamus).

363 2054 468 2131 22,
521 2053 617 2114 15.
666 2051 1079 2134 ἐπισχόμενος
1123 2051 1314 2134 βάλεν
1359 2050 1455 2132 ἰῷ.
1503 2051 1696 2113 Arist.
1746 2050 1893 2132 Lys.
1928 2053 2073 2114 490.
2124 2051 2185 2114 οῖ
2226 2057 2358 2122 ταῖς
2404 2051 2629 2133 ἀρχαῖς
2674 2051 2815 2114 ἐπέ-

362 2164 594 2223 χοντες.
661 2139 844 2205 Pind.
893 2140 987 2206 Ol.
1039 2143 1104 2223 2,
1157 2140 1297 2203 160.
1362 2140 1549 2213 τόξον
1614 2148 1845 2222 σκοπῷ
1909 2141 2166 2222 ἐπέχειν.
2234 2140 2384 2203 Eur.
2431 2140 2620 2204 Herc.
2671 2142 2816 2203 984.

362 2230 537 2312 ἄλλῳ
595 2231 818 2313 ἐπέσχε
872 2231 1038 2304 τόξα.
1105 2229 1257 2293 Her.
1306 2231 1452 2293 847.
1518 2228 1918 2312 Εὐρυσθέως
1959 2231 1968 2313 Ι
2008 2229 2249 2300 πώλοις
2295 2231 2515 2313 ἐπεῖχε.
2580 2228 2816 2293 Herod.

364 2317 478 2385 IX.
531 2320 630 2381 59.
696 2320 902 2403 ἐπεῖχέ
970 2344 1035 2383 τε
1098 2320 1199 2383 ἐπὶ
1244 2318 1797 2402 Λακεδαιμονίους
1844 2356 1925 2364 -
1973 2320 2274 2403 μούνους.
2319 2319 2511 2383 Thuo.
2561 2321 2619 2401 8,
2675 2319 2817 2382 105.

363 2408 626 2473 Hesiod.
675 2409 844 2474 Scut.
895 2409 1038 2473 350.
1104 2409 1163 2472 τί
1201 2432 1277 2472 νυ
1342 2414 1496 2472 νῶϊν
1559 2409 1879 2491 ἐπίσχετον
1936 2409 2147 2479 ὠκέας
2206 2409 2440 2479 ἵππους
2488 2433 2605 2484 -;
2671 2410 2817 2473 352.

364 2498 519 2562 ἀλλὰ
565 2498 771 2581 παρὲξ
815 2500 919 2581 ἔχε
967 2499 1213 2581 δίφρον.
1292 2497 1497 2562 801101.
1544 2499 1734 2582 ἔσχον
1768 2498 1837 2562 δὲ
1883 2499 2170 2581 ἐπέσχον,
2220 2499 2622 2582 ἐπετέθησαν,
2670 2500 2814 2562 ἐπε-

360 2589 670 2672 βάρησαν.

547 2697 692 2760 987.
739 2697 1167 2779 μακραίωνες]
1201 2694 1658 2781 Longaevae.
1693 2695 1781 2760 Cf.
1807 2697 1876 2761 Ο.
1898 2694 2174 2760 R.1099.
2208 2701 2336 2760 τῶν
2364 2697 2820 2778 μακραιώνων.

547 2787 692 2848 988.
748 2784 971 2869 Θήβης
1034 2784 1330 2869 ἄνακτες]
1397 2786 1487 2850 Cf.
1546 2785 1616 2849 Ο.
1648 2786 1721 2850 Β.
1784 2786 1930 2848 911.
2003 2786 2223 2868 χώρας
2295 2787 2573 2856 ἄνακτες.
2641 2785 2711 2849 Ο.
2755 2785 2820 2850 C.

367 2877 514 3028 29}
564 2876 713 2938 831.
758 2874 910 2939 Eur.
958 2874 1092 2939 Ion.
1148 2876 1336 2938 1227.
1384 2875 1652 2958 Δελφῶν
1702 2912 1785 2920 -
1832 2875 2111 2945 ἄνακτες.
2167 2874 2362 2937 Andr.
2414 2875 2558 2938 508.
2615 2874 2823 2946 Φθίας

363 2989 447 3048 κρ
493 2988 725 3045 ντορες.

551 3073 694 3136 994.
744 3071 823 3135 δι’
868 3071 1106 3157 ὀρθῆς]
1155 3071 1261 3136 810
1306 3075 1442 3136 κατ’
1489 3071 1696 3155 ὀρθὴν
1744 3071 1814 3135 Ο.
1847 3070 1918 3135 R.
1954 3072 2099 3136 696.
2146 3072 2220 3136 ἐκ
2265 3074 2509 3155 ταχείας
2544 3073 2641 3137 Tr.
2677 3073 2822 3135 395.

369 3160 471 3225 διὰ
517 3168 708 3244 κενῆς
754 3162 945 3225 Arist.
997 3162 1184 3245 Vesp.
1236 3163 1379 3225 929.
1539 3161 1711 3244 τήνδ’
1759 3162 2163 3244 ἐναυκλήρεις
2208 3162 2412 3245 πόλιν]
2462 3162 2549 3226 Cf.
2599 3162 2822 3225 Aesch.

370 3250 537 3334 Sept.
587 3252 733 3314 652.
781 3250 859 3315 σὺ
907 3251 965 3314 δ’
1013 3252 1204 3323 αὐτὸς
1250 3252 1454 3333 γνῶθι
1509 3251 1884 3335 ναυκληρεῖν
1928 3251 2127 3314 πόλιν.
2205 3251 2412 3335 Supra
2461 3252 2603 3314 167.
2660 3249 2823 3333 ἡνίκ’

378 3339 684 3412 Οἰδίπους
730 3341 959 3423 ὤρθου
1006 3341 1202 3404 πόλιν.

550 3448 695 3511 996.
744 3448 964 3530 φρόνει
1027 3448 1240 3532 βεβὼς
1288 3446 1402 3534 —]
1469 3447 1558 3511 Cf.
1613 3448 1710 3511 Tr.
1760 3449 1906 3511 289.
1973 3448 2194 3530 φρόνει
2258 3472 2353 3511 νιν
2417 3448 2509 3518 ὡς
2573 3449 2821 3529 ἥξοντα.

461 3538 561 3601 ἐπὶ
606 3541 807 3620 ξυροῦ
852 3537 1076 3621 τύχης]
1126 3538 1258 3603 Le.
1308 3539 1382 3600 in
1429 3557 1714 3601 summo
1763 3538 2232 3602 discrimine.
2310 3535 2432 3600 Sed
2472 3537 2824 3620 scripserat,

371 3629 440 3690 111
504 3627 712 3708 fallor,
776 3627 988 3710 ἀκμῆς
1051 3628 1154 3691 ἐπὶ
1217 3630 1433 3709 ξυροῦ.
1512 3626 1601 3691 Cf.
1649 3625 1836 3689 Hom.
1883 3627 1956 3691 Il.
2011 3628 2116 3706 10,
2173 3627 2313 3689 173.
2378 3632 2491 3689 νῦν
2555 3625 2676 3708 γὰρ
2743 3625 2822 3708 δὴ

370 3717 700 3781 πάντεσσιν
746 3716 846 3779 ἐπὶ
892 3719 1092 3798 ξυροῦ
1139 3718 1370 3780 ἵσταται
1418 3717 1645 3798 ἀκμῆς.
1695 3715 1999 3779 Simonid.
2042 3714 2140 3778 Fr.
2180 3716 2321 3778 103.
2380 3716 2592 3798 ἀκμᾶς
2646 3716 2822 3779 ἕστα-

372 3811 558 3868 κυῒαν
612 3805 712 3868 ἐπὶ
767 3809 965 3888 ξυροῦ
1012 3805 1285 3870 Ἑλλάδα
1341 3810 1555 3869 πᾶσαν
1604 3807 1612 3888 Ι
1663 3811 1793 3875 ταῖς
1847 3805 2060 3869 αὗτῶν
2113 3810 2350 3888 ψυχαῖς
2395 3805 2660 3888 κείμεθα
2711 3806 2822 3887 ῥυ-

372 3897 650 3977 σάμενοι.
698 3892 932 3959 Herod.
968 3894 1075 3959 VI.
1116 3897 1209 3959 11.
1260 3896 1360 3959 ἐπὶ
1404 3898 1603 3978 ξυροῦ
1652 3894 1773 3976 γὰρ
1806 3894 2019 3977 ἀκμῆς
2064 3895 2263 3977 ἔχεται
2310 3896 2625 3972 (ἵσταταιΡ)
2674 3896 2825 3976 ἡμῖν

371 3984 444 4048 τὰ
490 3986 848 4067 πρήγματα.
894 3984 1168 4067 Theogn.
1212 3986 1355 4046 557.
1404 3986 1674 4066 φράζεο·
1721 3985 2015 4054 κίνδυνός
2060 4008 2151 4047 τοι
2197 3985 2463 4066 (φράζεο
2511 3985 2617 4066 δή·
2664 3984 2823 4047 πάν-

373 4075 636 4152 τεσσινΡ)
684 4074 783 4137 ἐπὶ
829 4077 1029 4156 ξυροῦ
1076 4075 1306 4137 ἵσταται
1354 4074 1580 4156 ἀκμῆς.
1627 4073 1882 4137 Theocr.
1917 4072 2133 4136 XXII.
2170 4076 2225 4136 6.
2274 4073 2649 4154 ἀνθρώπων
2695 4095 2823 4137 σω-

373 4170 567 4246 τῆρας
612 4163 714 4226 ἐπὶ
759 4166 957 4246 ξυροῦ
1007 4163 1129 4245 ἤδη
1179 4164 1429 4226 ἐόντων.
1477 4162 1628 4225 Eur.
1661 4162 1850 4226 Herc.
1887 4165 2031 4225 630.
2080 4159 2199 4226 ὧδ’
2248 4163 2415 4244 ἔβητ’
2464 4162 2564 4225 ἐπὶ
2595 4165 2826 4243 ξυροῦ,·

374 4253 516 4316 Hel.
566 4254 714 4316 897.
778 4254 853 4317 ὃν
913 4288 990 4299 --
1051 4253 1149 4315 ἐπ’
1215 4252 1426 4334 ἀκμῆς
1499 4254 1621 4335 εἶμι
1695 4252 2070 4316 κατθανόντ’
2136 4252 2303 4314 ἰδεῖν.
2374 4250 2636 4315 Lucian.
2682 4250 2824 4314 Jov.

373 4341 552 4426 Trag.
600 4342 657 4404 3.
705 4342 772 4405 ἐν
818 4343 1100 4425 ἐσχάτοις
1146 4340 1218 4403 τὰ
1251 4342 1428 4404 θεῶν
1458 4343 1798 4424 πράγματα
1831 4343 1963 4415 καὶ,
2012 4347 2195 4404 τοῦτο
2229 4341 2306 4423 δὴ
2341 4341 2411 4403 τὸ
2457 4346 2567 4403 τοῦ
2614 4340 2826 4422 λόγου,

376 4432 476 4496 ἐπὶ
523 4434 721 4513 ξυροῦ
769 4431 930 4512 (add.
978 4432 1255 4513 ἅκμῆςΡ)
1301 4431 1572 4515 ἔστηκεν.

560 4522 704 4585 997.
749 4520 820 4585 τὸ
866 4520 981 4585 σὸν
1026 4521 1279 4605 φρίσσω
1326 4521 1560 4606 στόμα]
1619 4521 1706 4586 cf.
1756 4521 1904 4585 Eur.
1952 4522 2140 4606 Hipp.
2190 4521 2338 4584 417.
2395 4519 2548 4583 οὐδὲ
2603 4518 2830 4584 σκότον
