3463 5287
730 443 818 505 84
1810 459 2108 506 AN'HGONB

909 621 1053 683 703.
1102 618 1189 683 Cf.
1244 620 1430 683 1164.
1497 620 1757 683 θάλλων
1821 621 2062 702 εὐγενεῖ
2107 621 2348 684 τέκνων
2404 628 2632 703 σπορᾷ.
2771 621 3050 691 εὐκλείας
3098 657 3187 667 -·

727 708 1014 793 ἄγαλμα]
1065 709 1153 773 Ut
1195 710 1508 791 στέφανον
1554 709 1834 780 εὐκλείας
1886 710 1979 791 Aj.
2028 709 2173 772 465.

909 799 1053 861 705.
1100 797 1266 881 ἦθος
1313 836 1394 845 --
1444 798 1653 882 φέρει]
1721 797 1808 862 cf.
1857 799 2082 862 Catull.
2133 801 2243 881 61,
2296 800 2395 861 54.
2462 799 2831 863 ‘indomitos
2876 800 2946 862 in
2993 801 3186 863 corde

726 907 955 971 gerens
1039 888 1326 951 Ariadna
1408 887 1692 951 furores.’
1785 889 2011 952 Aesch.
2078 886 2230 951 Cho.
2301 891 2378 951 57
2389 891 2444 950 3.
2520 888 2813 971 γλῶσσαν
2886 890 3186 971 εὔφημον

728 978 958 1060 φέρειν.
1008 977 1236 1042 Aesch.
1269 975 1437 1060 Sept.
1473 977 1618 1039 622.
1668 978 1929 1059 γέροντα
1960 976 2069 1040 τὸν
2101 977 2315 1059 (μὲνΡ)
2348 983 2518 1051 νοῦν,
2553 979 2759 1060 σάρκα
2810 977 2868 1040 δ’
2916 980 3186 1061 ἡβῶσαν

725 1067 918 1149 φέρει.
985 1064 1200 1149 Suppl.
1261 1067 1405 1129 994.
1468 1072 1595 1137 πᾶς
1661 1066 1719 1130 δ’
1785 1068 1853 1130 έν
1914 1068 2192 1149 μετοίκῳ
2257 1066 2549 1148 γλῶσσαν
2611 1069 2877 1131 εὔτυκον
2941 1069 3119 1149 φέρει
3170 1067 3179 1154 Ι

724 1157 948 1238 κακήν.
998 1155 1146 1218 Eur.
1181 1154 1367 1239 Hipp.
1408 1157 1549 1219 118.
1597 1154 1710 1238 ὑφ’
1758 1157 1922 1239 ἥβης
1967 1155 2327 1238 σπλάγχνον
2373 1157 2625 1220 ἔντονον
2656 1157 2893 1238 φέρων.
2944 1156 3182 1220 Phoen.

731 1246 916 1308 1531.
965 1244 1162 1308 ἀλαὸν
1227 1246 1407 1327 ὄμμα
1472 1246 1710 1326 φέρων.
1778 1245 1872 1309 Fr.
1919 1246 2152 1328 Adesp.
2204 1246 2348 1308 519.
2398 1246 2477 1310 οὗ
2541 1246 2664 1329 χρὴ
2731 1245 3006 1329 ποδώκη
3072 1247 3183 1309 τὸν

724 1333 963 1417 τρόπον
1008 1334 1144 1398 λίαν
1190 1340 1429 1417 φορεῖν.
1478 1335 1791 1417 Agathou.
1840 1334 1935 1398 Fr.
1985 1336 2084 1417 14,
2118 1336 2173 1396 2.
2221 1341 2437 1417 ψυχῆς
2481 1335 2793 1418 φρόνησιν
2839 1335 3012 1405 ἐντὸς
3059 1337 3181 1398 οὐκ

724 1423 926 1506 ἀργὸν
970 1429 1172 1506 φορεῖ.
1228 1424 1461 1507 Adesp.
1511 1425 1657 1485 432.
1706 1424 1785 1486 οὗ
1831 1423 1952 1507 χρὴ
2001 1424 2274 1507 ποδώκη
2322 1424 2430 1487 τὸν
2473 1424 2712 1507 τρόπον
2756 1425 2894 1488 λίαν
2938 1431 3178 1506 φορεῖν.

731 1515 873 1576 182.
919 1513 1010 1595 μί’
1059 1513 1332 1595 εὐγένεια
1379 1512 1488 1576 τὸν
1531 1512 1772 1594 τρόπον
1816 1512 2090 1597 χρηστὸν
2136 1519 2375 1595 φορεῖν.
2438 1514 2627 1577 Arist.
2666 1512 2777 1595 Eq.
2815 1515 2958 1577 757.
3007 1514 3179 1597 λῆμα

723 1603 992 1684 θούριον
1036 1608 1276 1685 φορεῖν.
1322 1600 1547 1685 Eupol.
1595 1601 1676 1666 11.
1727 1603 1874 1666 491.
1921 1604 2020 1665 ἵνα
2056 1640 2136 1647 -
2176 1602 2284 1665 τὸν
2326 1602 2631 1684 πνεύμον’
2679 1603 2937 1666 ἔκλυτον
2983 1610 3179 1687 φορῇ.

724 1691 880 1755 Plat.
929 1711 1087 1755 com.
1134 1691 1214 1755 II.
1266 1692 1411 1755 632.
1458 1698 1708 1774 φορεῖτε
1756 1691 2033 1773 γλῶτταν
2079 1693 2146 1754 ἐν
2192 1692 2615 1775 ὑποδήμασιν.
2662 1691 2744 1755 11.
2786 1692 2931 1755 679.
2978 1692 3177 1756 καλά-

720 1804 872 1863 μινα
922 1780 1109 1864 σκέλη
1157 1786 1404 1863 φορῶν.
1451 1780 1715 1865 Ephipp.
1749 1801 1909 1845 com.
1945 1782 2090 1844 339.
2138 1781 2488 1863 ἐπαρίστερ’
2520 1782 2586 1844 ἐν
2630 1789 2724 1863 τῷ
2764 1782 3020 1864 στόματι
3068 1782 3180 1865 τὴν

722 1870 999 1952 γλῶτταν
1046 1877 1280 1952 φορεῖς.
1341 1871 1526 1933 Alex.
1573 1870 1688 1934 III.
1739 1873 1884 1933 423.
1932 1870 2003 1934 τὸ
2050 1870 2227 1953 στόμ’
2275 1871 2368 1941 ὡς
2412 1870 2677 1954 κομψὸν
2732 1877 2933 1954 φορεῖ.
3002 1871 3177 1935 Com.

722 1979 906 2024 anon.
954 1960 1063 2023 IV.
1114 1961 1259 2023 603.
1334 1959 1552 2042 ὥσπερ
1617 1960 1859 2024 σέλινον
1924 1958 2079 2023 οὖλα
2145 1960 2217 2023 τὰ
2284 1960 2473 2043 σκέλη
2539 1966 2741 2042 φορεῖ.
2815 1962 2960 2023 657.
3027 1961 3178 2024 ὅταν

720 2050 955 2132 λάγνην
999 2048 1108 2113 τὸν
1155 2048 1500 2131 ὀφθαλμὸν
1531 2055 1759 2132 φορῇς.
1808 2050 1954 2113 609.
2004 2049 2277 2132 γλῶττάν
2322 2051 2387 2112 τέ
2433 2074 2531 2113 σοι
2565 2049 2824 2113 δίδωσιν
2868 2051 2936 2113 ἐν
2984 2050 3177 2133 δήμῳ

722 2144 946 2221 φορεῖν
987 2140 996 2220 Ι
1036 2138 1254 2202 καλῶν
1299 2138 1510 2219 λόγων
1556 2138 1803 2211 ἀείνων,
1853 2144 1968 2203 etc.
2020 2138 2264 2202 Lucret.
2299 2137 2410 2202 ΙΙΙ.
2452 2139 2637 2202 1062.
2686 2139 3177 2221 ‘sollicitamque

718 2229 890 2311 geris
944 2247 1124 2291 cassa
1175 2228 1514 2291 formidine
1580 2227 1896 2291 mentem.'
1962 2226 2141 2291 Ovid.
2192 2226 2336 2291 Met„
2385 2227 2566 2292 XIII.
2617 2229 2762 2291 363.
2829 2228 2948 2292 ‘Tu
3002 2231 3177 2292 vires

719 2318 858 2381 sine
933 2323 1147 2382 mente
1220 2316 1429 2400 geris.’
1506 2316 1631 2381 Cic.
1693 2315 1808 2380 Off.
1865 2317 1979 2381 III.
2039 2319 2139 2379 29.
2209 2316 2515 2381 ‘Mentem
2581 2318 2919 2401 injuratam
2982 2319 3175 2402 gem?

723 2405 915 2470 Plura
962 2407 1109 2470 dedi
1158 2407 1236 2470 ad
1282 2406 1497 2471 Trach.
1549 2408 1694 2469 323.

901 2497 1044 2559 707.
1092 2496 1258 2567 ὅστις
1291 2495 1406 2579 —]
1456 2494 1545 2558 Cf.
1594 2495 1688 2559 El.
1744 2497 1911 2559 1505
1945 2515 2037 2578 sq.
2096 2498 2193 2578 Aj.
2245 2497 2388 2559 760.
2440 2495 2587 2558 Eur.
2635 2496 2825 2580 Hipp.
2862 2498 2961 2560 78.
3010 2497 3177 2568 ὅστις

721 2623 804 2631 --
852 2585 922 2650 τὸ
970 2592 1330 2669 σωφρονεῖν
1375 2585 1617 2669 εῖληχεν
1649 2622 1730 2631 -
1765 2586 2007 2657 τούτοις
2039 2585 2386 2668 δρέπεσθαι
2418 2623 2503 2630 -
2537 2586 2740 2669 θέμις.
2790 2587 2981 2650 Arist.
3003 2585 3175 2651 Eccl.

719 2677 865 2740 683.
913 2677 1043 2758 ὅτῳ
1093 2714 1174 2722 —-·
1221 2676 1481 2747 τούτους
1526 2681 1641 2741 eto.
1766 2718 1771 2725 -

899 2766 1042 2829 708.
1089 2768 1170 2848 ἢν
1216 2767 1337 2829 οὐκ
1383 2764 1602 2849 ἄλλος]
1653 2764 1749 2829 Sc,
1797 2766 1937 2848 ἔχει.

898 2856 1042 2919 709.
1090 2852 1294 2939 οὗτοι]
1345 2854 1434 2918 Cf.
1482 2856 1559 2919 ad
1607 2855 1771 2920 Phil.
1822 2855 1966 2917 307.
2014 2853 2166 2917 Eur.
2214 2853 2307 2916 El.
2345 2855 2489 2918 937.
2537 2855 2869 2925 κάκείνους
2900 2860 3110 2937 στυγῶ
3160 2854 3168 2939 Ι

716 2943 862 3014 τοὺς
911 2944 1144 3015 παῖδας
1200 2945 1364 3014 ὅστις
1396 2981 1506 3008 -.
1570 2942 1741 3008 Xon.
1788 2944 1976 3028 Hipp.
2026 2942 2201 3007 VIII.
2252 2946 2307 3006 3.
2375 2946 2437 3008 οἱ
2482 2944 2555 3007 δέ
2608 2969 2676 3027 γε
2734 2945 3176 3027 δεδιδαγμένοι

720 3071 798 3079 -
851 3030 1024 3097 οὗτοι
1080 3034 1136 3097 δ’
1183 3032 1265 3096 αὗ
1314 3042 1428 3098 ete.
1612 3033 2129 3118 διαπτυχθέντες]
2191 3033 2279 3097 Cf.
2328 3028 2674 3098 Moschion.
2725 3036 2780 3097 6.
2849 3034 3173 3108 διαπτύξω

714 3122 889 3204 λόγῳ
930 3124 939 3207 Ι
980 3123 1185 3205 ἀρχὴν
1231 3157 1319 3168 -
1362 3124 1523 3206 βίου.
1580 3123 1730 3187 Eur.
1779 3123 1967 3206 Hipp.
2021 3123 2164 3186 989.
2221 3123 2291 3186 τὸ
2337 3124 2548 3205 μέντοι
2593 3123 2839 3206 πρᾶγμ’
2870 3161 2957 3170 —-
2989 3125 3053 3187 εἴ
3085 3149 3175 3194 τις

717 3212 1119 3285 διαπτύξειεν,
1167 3213 1245 3275 οὗ
1276 3212 1491 3285 καλὸν,
1538 3213 1699 3276 τόδε.
1836 3214 2160 3295 ὤφθησαν
2195 3212 2400 3296 κενοί]
2450 3214 2538 3276 Cf.
2570 3213 2666 3276 Tr.
2700 3216 2848 3275 452.
2897 3214 3173 3296 ὀφθήσει

714 3302 934 3372 κακός.
985 3300 1053 3364 Ο.
1086 3300 1158 3364 R.
1209 3302 1353 3365 509.
1400 3303 1601 3386 ὤφθη
1650 3301 1868 3372 κακός.
1914 3302 2243 3365 Theodect.
2292 3302 2388 3365 Fr.
2429 3306 2487 3383 8,
2522 3308 2580 3366 8.
2627 3303 2777 3366 ὅταν
2826 3303 2896 3367 δὲ
2941 3325 3171 3385 φωρα-

715 3392 937 3463 θῶσιν,
1002 3391 1308 3473 ὀφθέντες
1370 3392 1587 3465 κακοὶ,
1647 3398 1762 3456 etc.
1931 3390 2278 3475 ὤφθησαν]
2337 3393 2629 3455 Aoristus
2683 3393 3042 3476 gnominus,
3101 3398 3175 3456 ut

714 3482 1011 3554 ἐδίδαξαν
1061 3482 1248 3544 1353.

897 3571 1039 3633 710.
1086 3570 1324 3655 ἄνδρα]
1390 3570 1538 3653 Leg.
1586 3570 1785 3652 ἀνδρί.
1865 3568 1954 3632 Of.
2005 3571 2150 3633 Ant.
2204 3570 2391 3632 1023.
2458 3570 2859 3654 ἀνθρώποισι
2915 3570 3036 3654 γὰρ
3086 3604 3170 3617 --

712 3660 931 3724 κοινόν
988 3661 1109 3722 ἔστι
1163 3660 1711 3742 τούξαμαρτάνειν.
1779 3660 2006 3723 Aesch.
2056 3659 2156 3723 Pr.
2209 3660 2398 3723 1040.
2465 3669 2656 3743 σοφῷ
2720 3659 2842 3743 γὰρ
2906 3660 3173 3743 αἰσχρὸν

712 3750 1179 3833 ἐξαμαρτάνειν.
1210 3749 1306 3812 Tr.
1330 3751 1429 3812 65.
1464 3749 1533 3812 σὲ
1566 3749 1749 3829 (σοὶΡ)
1783 3749 2020 3832 πατρὸς
2052 3750 2222 3812 οὕτω
2257 3748 2455 3831 δαρὸν
2487 3749 2882 3832 έξενωμένου
2925 3751 2935 3832 Ι
2972 3750 3044 3814 τὸ
3074 3751 3167 3834 μὴ

710 3840 1036 3903 πυθέσθαι
1080 3845 1210 3902 ποῦ
1264 3836 1408 3903 ’στιν
1454 3839 1759 3922 αἰσχύνην
1814 3839 2007 3922 φέρει.
2071 3839 2258 3901 1230.
2304 3838 2374 3902 τὸ
2419 3839 2539 3922 μὲν
2584 3846 2869 3903 νοσοῦντι
2914 3840 3170 3923 θυμοῦ-

712 3929 863 3992 σθαι
928 3928 1157 3992 κακόν·
1199 3929 1209 4010 Ι
1250 3927 1319 3991 τὸ
1386 3927 1443 3992 δ’
1492 3925 1611 3991 ὧδ’
1661 3929 1821 4010 ὁρᾶν
1885 3934 2246 4010 φρονοῦντα
2301 3929 2388 3999 τίς
2441 3927 2581 3992 ποτ’
2628 3931 2708 3991 ἂν
2753 3930 2972 4011 φέροι,·
3018 3928 3169 3993 Eur.

710 4018 863 4082 Her.
913 4019 1059 4080 224.
1107 4017 1207 4081 σοὶ
1261 4015 1383 4100 γὰρ
1439 4017 1571 4081 τόδ’
1619 4018 1882 4100 αἰσχρὸν
1932 4055 2013 4063 -
2062 4024 2375 4100 συγγενεῖς
2408 4055 2489 4064 —
2525 4018 2818 4082 ἕλκεσθαι
2863 4020 2986 4102 βίᾳ.
3037 4017 3171 4083 Me-

711 4107 899 4170 nand.
939 4107 1052 4171 IV.
1087 4107 1233 4169 326.
1282 4106 1471 4171 οὐδὲν
1517 4106 1638 4189 γὰρ
1686 4107 1949 4190 αἰσχρόν
1995 4107 2116 4170 ἔστι
2161 4107 2409 4191 τάληθῆ
2455 4107 2667 4190 λέγειν.
2716 4106 2984 4173 Monost.
3019 4109 3168 4172 405.

713 4197 834 4265 οὐκ
882 4196 1042 4260 ἐστὶν
1087 4196 1350 4279 αἰσχρὸν
1396 4197 1748 4278 ἀγνοοῦντα
1794 4198 2162 4278 μανθάνειν.

893 4288 1036 4348 711.
1084 4285 1153 4349 τὸ
1216 4286 1307 4369 μὴ
1374 4287 1586 4350 τείνειν
1631 4285 1816 4369 ἄγαν]
1883 4285 2030 4349 Sub.
2095 4286 2203 4350 τὸν
2265 4286 2437 4350 πόδα
2504 4287 2713 4367 (716).
2801 4285 3010 4350 Schol.
3072 4286 3165 4369 μὴ

710 4375 968 4457 αὐθάδη
1018 4373 1188 4438 εἶναι.
1269 4374 1358 4438 Cf.
1383 4376 1527 4438 716.
1560 4376 1754 4439 Arist.
1777 4374 1935 4438 Ran.
1968 4377 2155 4438 1101.
2204 4373 2353 4439 ὅταν
2385 4377 2423 4440 ὁ
2452 4376 2573 4459 μὲν
2602 4377 2764 4459 τείνῃ
2795 4377 3018 4459 βιαίως
3050 4382 3165 4440 etc.

710 4462 970 4526 Lucian.
1016 4464 1178 4527 Dial.
1226 4484 1378 4528 mer.
1428 4467 1485 4544 3,
1526 4466 1582 4527 3.
1630 4465 1752 4547 ὅρα
1797 4464 1888 4547 μὴ
1937 4465 2095 4527 κατὰ
2144 4465 2255 4548 τὴν
2298 4467 2648 4550 παροιμίαν
2692 4467 3167 4548 ἀπορρήξωμεν

706 4553 874 4614 πάνυ
932 4553 1197 4634 (ἄγανΡ)
1250 4556 1557 4617 τείνουσαι
1615 4553 1683 4617 τὸ
1739 4553 2078 4636 καλῴδιον.
2136 4556 2330 4619 Anth.
2380 4556 2510 4619 Pal.
2559 4556 2849 4639 Append.
2901 4556 3057 4639 327,
3107 4557 3167 4618 8.
