3463 5287
809 424 938 487 470
1857 443 2217 488 mmmmm

987 602 1132 666 565.
1179 603 1373 684 ψαύει
1418 603 1707 684 ματαίαις
1753 601 1986 686 χερσὶν]
2036 602 2124 667 Cf.
2174 602 2244 666 Ο.
2279 602 2344 667 G.
2399 603 2587 667 1639.
2635 602 2894 684 ψαύσας
2941 602 3228 684 ἀμαυραῖς

806 693 1033 775 χερσίν.
1170 693 1242 756 ἐκ
1291 692 1348 756 6’
1396 689 1562 776 ἤῦσ’]
1612 691 1702 755 Cf.
1753 689 1822 754 O.
1856 691 1920 756 C.
1977 694 2162 756 1598.
2209 691 2426 764 ἀΰσας.
2482 693 2667 756 1260.
2714 690 2808 755 ΕΙ.
2858 693 3007 755 830.

988 782 1133 845 566.
1183 780 1630 865 ὂιερροίζησεν]
1696 780 1785 845 Cf.
1842 780 2029 845 Hom.
2084 782 2156 845 Il.
2207 783 2265 864 3,
2314 782 2460 845 370.
2534 782 2674 845 ἕλκε
2740 782 2798 844 δ’
2863 782 3230 863 ἐπιστρέψας.

768 871 1042 935 ,Herod.
1089 870 1172 933 II.
1223 871 1366 934 103.
1414 871 1791 952 ἐπιστρέψας
1839 871 2058 934 ὀπίσω.

988 960 1132 1024 568.
1190 961 1466 1042 στέρνων
1531 959 1978 1044 ὅιερροίζησεν]
2056 958 2145 1023 Of.
2209 959 2399 1025 Hom.
2457 960 2526 1023 ΙΙ.
2589 960 2696 1040 16,
2759 961 2905 1024 361.
2982 958 3232 1023 σκέπτετ’

807 1049 1034 1113 ὀϊστῶν
1096 1073 1160 1114 τε
1225 1050 1442 1132 ῥοῖζον
1496 1049 1603 1112 καὶ
1661 1049 1908 1113 ὂοῦπον
1954 1049 2259 1114 ἀκόντων.
2331 1051 2429 1132 10,
2479 1050 2623 1113 502.
2689 1050 2982 1132 ῥοίζησεν
3026 1049 3083 1112 δ’
3127 1050 3234 1129 ἄρα

806 1140 1170 1221 (sagitta).
1228 1139 1416 1202 Arist.
1468 1140 1581 1203 Av.
1637 1139 1824 1202 1182.
1882 1139 2053 1222 ῥύμῃ
2110 1163 2174 1203 τε
2219 1139 2328 1202 καὶ
2380 1144 2659 1220 πτεροῖσι
2713 1140 2822 1203 καὶ
2868 1140 3236 1223 ῥοιζήμασιν.

805 1227 1062 1311 Joseph.
1111 1227 1183 1290 B.
1230 1227 1287 1291 J.
1336 1227 1413 1290 V.
1462 1229 1519 1289 2.
1569 1229 1625 1289 2.
1681 1227 1834 1291 κενὰ
1894 1226 1962 1291 δὲ
2011 1264 2094 1274 -
2141 1231 2611 1310 παρερροιζεῖτο
2666 1230 2867 1292 πάντα
2918 1227 3021 1309 (τὰ
3065 1227 3236 1309 βέλη).

897 1315 1301 1400 ἒκθνήσκων]
1348 1316 1397 1380 Ι.
1420 1334 1470 1379 e.
1502 1317 1903 1399 λιποθυμῶν,
1946 1319 2338 1382 emoriens.
2405 1316 3236 1402 Cf.Antiph.00m.111.104.

806 1406 1081 1489 ὁρῶντες
1126 1406 1514 1489 ἐξέθνῃσκον
1560 1406 1661 1469 ἐπὶ
1702 1414 1797 1489 τῷ
1840 1407 2176 1489 πράγματι.

990 1496 1134 1557 572.
1199 1500 1328 1558 τῶν
1391 1496 1568 1577 ἐμῶν
1633 1496 1931 1580 σφαγῶν]
1980 1496 2069 1560 Cf.
2122 1498 2218 1579 Aj.
2269 1498 2415 1559 919.
2471 1499 2751 1579 φυσῶντ’
2809 1533 2894 1542 ——
2952 1494 3084 1577 αἷμ’
3144 1491 3238 1555 ἀπ’

808 1585 1045 1655 οἰκείας
1092 1591 1357 1667 σφαγῆς.

989 1674 1133 1737 577.
1181 1674 1415 1755 στέρξει
1463 1673 1579 1758 ’-]
1630 1674 1720 1737 Of.
1772 1674 1919 1737 486.
1969 1675 2066 1757 Aj.
2119 1676 2264 1739 212.
2315 1674 2463 1737 Eur.
2512 1674 2710 1738 Andr.
2760 1676 2908 1739 470.
2957 1674 3067 1756 τὴν
3109 1673 3237 1755 μίαν

805 1788 917 1845 μοι
963 1764 1267 1844 στεργέτω
1313 1763 1495 1834 πόσις
1528 1800 1610 1809 —
1644 1764 1848 1827 εὐνάν.
1985 1764 2117 1828 ἀντὶ
2161 1770 2279 1828 σοῦ
2325 1764 2539 1848 πλέον]
2590 1764 2677 1828 Cf.
2726 1766 2873 1828 Ant.
2930 1766 3071 1828 182.

988 1854 1133 1916 580.
1178 1852 1635 1937 προσβαλοῢσἼ
1672 1854 2023 1917 Animum
2061 1853 2498 1934 advertenS,
2548 1854 2956 1919 attendens
2988 1852 3238 1936 explicat

806 1940 1016 2024 Dind.,
1062 1941 1201 2006 coll.
1237 1943 1383 2005 844.
1430 1941 1503 2004 τὰ
1548 1941 1668 2024 μὲν
1715 1943 1848 2005 οὔτι
1893 1943 2246 2026 προσέβαλε
2292 1942 2508 2023 (schol.
2541 1944 2620 2006 οὗ
2667 1945 2979 2026 συνῆκεν).
3056 1941 3237 2005 Aliter

808 2031 998 2093 schol.
1046 2031 1153 2094 καὶ
1197 2031 1353 2094 ἄλλα
1399 2030 1531 2094 τινὰ
1579 2033 1960 2112 συμμίξασα.

991 2122 1134 2183 582.
1184 2120 1273 2184 Cf.
1321 2119 1473 2183 Eur.
1520 2119 1662 2184 Hel.
1717 2121 1860 2183 156.
1909 2120 2056 2183 ὅτου
2106 2121 2163 2185 ὂ’
2211 2122 2382 2184 ἕκατι
2426 2122 2583 2204 μήτε
2630 2120 2707 2184 σὺ
2756 2122 2922 2203 ζήτει
2967 2122 3187 2203 μαθεῖν
3228 2118 3231 2133 ’

808 2210 937 2290 ἐγώ
1001 2234 1063 2272 τε
1127 2215 1302 2291 σιγῶ.
1482 2208 1689 2280 κακὰς
1755 2246 1838 2257 -
1903 2210 2169 2293 τόλμας]
2237 2210 2326 2274 Cf.
2390 2211 2484 2293 Aj.
2535 2213 2618 2273 46
2700 2212 2942 2275 ποίαισι
3006 2210 3237 2290 τόλμαις

807 2298 1018 2362 ταῖσόε
1063 2299 1170 2361 καὶ
1215 2299 1441 2380 θράσει
1488 2304 1779 2381 φρενῶν,·
1841 2301 1987 2363 Eur.
2035 2300 2222 2383 Hipp.
2272 2302 2419 2362 414.
2475 2305 2645 2382 μισῶ
2705 2299 2775 2364 ὀὲ
2821 2301 2932 2363 καὶ
2977 2299 3083 2369 τὰς
3126 2297 3232 2359 σώ-

808 2410 1055 2470 φρονας
1099 2387 1219 2469 μὲν
1266 2389 1332 2450 ἐν
1378 2388 1612 2470 λόγοις,
1656 2389 1664 2471 Ι
1705 2388 1916 2470 λάθρα
1966 2388 2035 2452 δὲ
2080 2390 2314 2471 τόλμας
2347 2390 2437 2453 ,οὗ
2484 2388 2684 2459 καλὰς
2728 2391 3130 2473 κεκτημένας.

989 2478 1132 2538 584.
1183 2474 1271 2539 Of.
1322 2475 1484 2540 Plut„
1533 2478 1770 2540 Anton.
1821 2480 1921 2539 25.
1979 2476 2089 2548 τὰς
2138 2477 2207 2541 δὲ
2261 2478 2547 2549 πλείστας
2603 2479 2670 2542 ἐν
2725 2479 2920 2562 ἑαυτῇ
2977 2478 3082 2542 καὶ
3130 2479 3235 2542 τοῖζ

807 2565 950 2647 περὶ
994 2565 1192 2649 αὑτὴν
1235 2567 1715 2649 μαγγανεύμασι
1763 2567 1870 2629 καὶ
1915 2568 2194 2650 φίλτροις
2240 2568 2493 2638 ἐλπίδας
2540 2569 2780 2651 θεμένη
2827 2568 3204 2651 παρεγένετο.

989 2655 1133 2717 586.
1197 2654 1658 2739 μεμηχάνηται]
1727 2656 1815 2720 Cf.
1865 2656 2030 2721 Xen.
2081 2655 2224 2741 Cyr.
2275 2658 2324 2719 V
2341 2656 2448 2721 ΠΙ.
2497 2660 2554 2720 8.
2609 2659 2706 2721 18.
2766 2659 3115 2741 ἐκπώματα
3166 2688 3232 2699 -

809 2746 887 2825 ἢν
932 2742 977 2826 ἦ
1021 2746 1540 2827 μεμηχανημένα.

989 2833 1133 2896 588.
1181 2839 1310 2904 τοῖς
1356 2834 1733 2919 ὁρωμένοις]
1783 2835 1875 2900 Cf.
1924 2837 2004 2900 ad
2050 2835 2144 2899 El.
2198 2837 2386 2900 1333.

989 2922 1133 2986 589.
1184 2921 1270 2986 Cf.
1319 2922 1467 2987 Eur.
1513 2923 1664 2987 Her.
1715 2925 1860 2988 370.
1908 2931 2037 2989 ποῦ
2083 2932 2274 2989 ταῦτα
2331 2926 2547 2996 καλῶς
2593 2927 2672 2988 ἂν
2719 2927 2810 3009 εἴη
2858 2926 3038 3008 παρά
3083 2923 3135 3006 γ’
3175 2917 3232 2983 ὲῦ

808 3017 1168 3093 φρονοῦσιν.
1238 3013 1382 3075 881.
1439 3011 1591 3094 παρ’
1648 3015 1800 3095 ἡμῖν
1852 3014 1972 3096 μὲν
2029 3014 2148 3096 γὰρ
2214 3015 2291 3079 οὗ
2347 3014 2552 3097 σοφὸν
2613 3015 2775 3079 τόδε.
2847 3016 3043 3080 Arist.
3089 3008 3232 3078 Eccl.

813 3101 999 3164 1462.
1048 3101 1287 3165 πολλοῦ
1337 3101 1394 3166 δ’
1443 3103 1703 3166 ἐπαίνου
1751 3103 1904 3184 παρ’
1938 3104 2081 3185 ἐμοὶ
2127 3140 2210 3150 -
2257 3104 2469 3186 τυχὼν
2514 3105 2755 3168 ἄπεισιν
2801 3105 2926 3168 κτλ.

989 3191 1133 3253 593.
1182 3189 1431 3277 γνῶμα]
1476 3192 1662 3256 Test.
1743 3192 1835 3256 Cf.
1884 3192 2033 3256 Eur.
2084 3192 2230 3256 Her.
2281 3195 2426 3256 408.
2473 3196 2543 3256 ἓν
2601 3193 2670 3257 ὂὲ
2715 3195 2978 3260 πάντων
3033 3196 3232 3276 γνῶμα

806 3279 1032 3344 ταύτὸν
1079 3280 1398 3362 ἐμπρέπει.
1450 3281 1676 3345 Aesch.
1728 3283 1843 3364 Ag.
1897 3283 2083 3344 1352.
2129 3282 2362 3346 Herod.
2399 3281 2537 3346 VII.
2574 3284 2674 3345 52.
2856 3285 2948 3368 μὴ
2996 3300 3229 3362 πεπρω-

805 3368 990 3453 μένη]
1042 3367 1130 3432 Cf.
1179 3368 1273 3432 El.
1327 3371 1514 3433 1244.
1563 3369 1659 3433 Fr.
1712 3372 1839 3434 516
1865 3370 1934 3434 D.
1983 3370 2216 3434 Herod.
2268 3371 2408 3435 VII.
2462 3374 2605 3436 135.
2654 3379 2765 3436 τοῦ
2812 3374 2930 3455 μὲν
2980 3372 3097 3456 γὰρ
3138 3390 3228 3431 πε-

806 3460 1188 3540 πειρημένος
1233 3459 1709 3541 συμβουλεύεις,
1757 3465 1868 3524 τοῦ
1919 3460 1988 3524 δὲ
2033 3461 2292 3544 ἄπειρος
2339 3462 2480 3525 ἐών.

988 3549 1133 3610 595.
1182 3547 1282 3611 διὰ
1326 3548 1583 3633 τάχους]
1632 3549 1723 3613 Cf.
1772 3550 1870 3632 Aj.
1920 3551 2066 3613 822.

988 3636 1131 3698 596.
1178 3637 1382 3718 μόνον
1428 3675 1509 3683 ——
1560 3637 1945 3722 στεγοίμεθἼ
2024 3637 2110 3701 Of.
2164 3640 2351 3703 1109.
2424 3641 2782 3723 προσμόλοι
2844 3641 3064 3722 μόνον,
3125 3632 3231 3699 κτλ-

808 3725 1034 3790 Aesch.
1083 3724 1231 3788 Cho.
1283 3729 1427 3789 244.
1473 3727 1677 3809 μόνον
1721 3729 1954 3809 κράτος
2001 3765 2084 3774 -
2133 3730 2492 3811 συγγένοιτό
2538 3754 2654 3795 σοι.

987 3815 1132 3878 597.
1198 3816 1461 3900 αἰσχύνῃ
1527 3816 1730 3900 πεσεῖ]
1798 3816 2233 3902 Ignominia
2299 3819 2537 3884 cades.
2616 3819 2708 3884 Of.
2755 3818 2866 3883 El.
2899 3822 3045 3884 429.
3097 3808 3231 3899 μηδ’

808 3903 1075 3986 ἀβουλίᾳ
1120 3910 1345 3968 πεσεῖν.
1396 3906 1491 3988 Aj.
1544 3907 1688 3970 759.
1736 3909 1975 3971 πίπτειν
2023 3944 2105 3953 -
2156 3909 2581 3991 δυσπραξίαις.

989 3992 1133 4056 601.
1180 4000 1310 4064 ταῖς
1356 3994 1625 4079 ἔσωθεν]
1677 3995 1764 4060 Cf.
1811 3995 1908 4060 El.
1963 3998 2148 4061 1323.
2194 4003 2322 4061 τῶν
2368 3998 2651 4062 ἔνδοθεν.

749 4126 768 4140 .
986 4081 1132 4145 602.
1178 4091 1472 4167 ταναϋφῆ
1516 4084 1780 4169 πέπλον]
1840 4086 1930 4150 Cf.
1979 4086 2396 4169 ἀραχνοῦφής
2442 4086 2608 4171 apud
2661 4087 3011 4153 Philonem.
3138 4080 3227 4144 πέ-

720 4213 723 4216 >
804 4171 989 4254 πλον]
1048 4169 1141 4234 De
1199 4180 1370 4237 veste
1426 4174 1611 4238 virili.
1689 4173 1777 4237 Cf.
1826 4176 1972 4240 674.
2025 4178 2169 4239 758.
2222 4177 2363 4240 774.
2416 4177 2642 4240 Aesch.
2693 4176 2863 4241 Pers.
2913 4171 3228 4241 203..Eur·

807 4260 961 4324 Hec.
1017 4262 1201 4324 1136.
1266 4262 1398 4345 Iph.
1446 4263 1509 4325 T.
1551 4266 1694 4327 312.
1751 4265 2013 4329 πέπλων
2066 4290 2128 4328 τε
2181 4267 2665 4347 προυκάλυπτεν
2711 4268 3026 4350 εὐπήνους
3067 4258 3226 4344 ὑφάς·

758 4350 971 4414 .Xen.
1021 4348 1163 4432 Cyr.
1209 4351 1324 4415 111.
1378 4354 1430 4415 l.
1486 4353 1582 4414 13.

808 4530 935 4592 246
986 4440 1129 4593 6195.
1153 4441 1351 4594 7χ6ρ7οῒ]
1412 4440 1745 4507 Contracta
1797 4444 1998 4507 forma
2041 4452 2184 4528 χρῷ
2238 4445 2470 4529 legitur
2519 4447 2614 4530 Aj.
2668 4448 2811 4510 786.
2861 4444 3055 4529 χρωτὶ
3099 4439 3224 4504 Ant·

760 4585 767 4595 ·
941 4577 953 4590 ·
1055 4550 1101 4593 r.
1280 4579 1296 4594 ,
