3463 5287
1413 416 1711 469 mooun
2706 397 2741 465 7
2752 396 2786 465 ‘7

333 583 439 649 Sic
483 586 885 668 ὑπερβαίνειν
931 584 1174 667 νόμους
1229 576 1376 646 449.
1425 584 1573 646 481.
1624 582 1771 646 663.
1849 577 1938 645 Cf.
1988 576 2215 646 Aesch.
2256 576 2414 646 (1110.
2465 578 2610 646 595.
2657 582 2791 645 ἀλλ’

331 676 732 757 ὑπέρτολμον
778 674 1016 756 ἀνδρὸς
1061 673 1364 756 φρόνημα
1410 674 1498 743 τίς
1541 673 1710 754 λέγοι
1757 697 1875 748 -,·

513 765 661 829 606.
709 763 900 848 αἱρεῖ]
950 763 997 828 Ι.
1031 782 1089 845 q.
1136 762 1438 846 λαμβάνει
1485 761 1667 844 (Phil.
1704 761 1850 824 767.
1898 762 2201 845 λαμβάνει
2233 760 2355 843 γὰρ
2387 759 2504 829 οὖν
2543 763 2552 844 Ι
2592 762 2793 832 ὕπνος

327 879 429 936 με.
477 853 628 917 Eur.
663 853 797 916 Ion.
833 854 1003 933 315.)
1137 851 1585 935 παντογήρως]
1636 850 1752 927 Qu.
1799 852 2228 934 παντσθήρας.
2308 851 2541 915 Confer
2585 852 2792 915 somni

329 945 607 1028 epitheta
651 943 1047 1025 παγκρατὴς,
1093 942 1549 1023 πανδαμάτωρ.

514 1051 661 1114 607.
709 1051 1025 1132 ἀκάματοι
1056 1087 1140 1097 —
1170 1047 1397 1133 μῆνες]
1456 1046 1545 1111 Cf.
1591 1047 1743 1112 Eur.
1792 1048 1888 1112 Fr.
1940 1049 2084 1112 597.
2140 1048 2399 1129 ἀκάμας
2451 1072 2516 1111 τε
2559 1049 2792 1130 χρόνος

329 1177 417 1185 —
451 1148 660 1223 φοιτᾷ.
707 1139 897 1202 Hom.
944 1139 1016 1202 Il.
1070 1139 1169 1220 18,
1217 1140 1363 1201 484.
1410 1137 1619 1221 ἠέλιόν
1664 1140 1714 1199 τ’
1763 1138 2113 1220 ἀκάμαντα.
2163 1139 2308 1201 239.
2358 1135 2472 1201 Od.
2512 1138 2790 1219 16,176.

327 1229 672 1313 Σπερχειῷ
731 1229 785 1292 τ’
850 1229 1179 1310 ἀκάμαντι.
1358 1228 1536 1291 θεῶν
1585 1264 1666 1273 -
1714 1226 1942 1310 μῆνες]
2020 1225 2112 1290 Cf.
2170 1227 2358 1292 Hom.
2407 1226 2477 1291 Il.
2528 1229 2595 1310 2,
2646 1229 2789 1290 134.

330 1319 482 1389 Διὸς
526 1319 811 1401 μεγάλου
858 1318 1139 1382 ἐνιαυτοί.
1189 1316 1303 1382 Od.
1357 1318 1458 1399 14,
1492 1318 1592 1380 93.
1640 1317 1821 1380 ὅσσαι
1867 1315 1990 1398 γὰρ
2034 1317 2253 1387 νύκτες
2297 1339 2361 1379 τε
2405 1316 2513 1380 καὶ
2558 1318 2792 1400 ἡμέραι

328 1410 405 1472 ἐκ
452 1409 603 1479 Διός
648 1409 813 1472 εἰσιν.
863 1409 966 1489 21,
1016 1409 1161 1471 341.
1208 1407 1539 1489 ἀκάματον
1583 1411 1729 1488 πῦρ.
1787 1405 2045 1470 Hesiod.
2091 1406 2199 1469 Th.
2248 1407 2397 1469 824.
2443 1405 2552 1470 καὶ
2595 1406 2792 1477 πόδες

329 1499 653 1580 ἀκάματοι
697 1503 1009 1580 κρατεροῦ
1054 1497 1232 1561 θεοῦ.

513 1605 663 1669 608.
711 1606 936 1688 ἀγήρῳ
983 1642 1064 1652 -
1113 1602 1363 1687 χρόνῳ]
1413 1603 1504 1667 Cf.
1553 1602 1781 1668 Aesch.
1812 1603 2022 1667 Prom.
2058 1603 2203 1666 981.
2253 1601 2385 1666 ἀλλ’
2432 1601 2792 1667 ἐκδιδάσκει

325 1695 532 1759 πάνθ’
581 1695 620 1758 ὁ
667 1696 1011 1778 γηράσκων
1054 1693 1302 1776 χρόνος.
1358 1691 1542 1756 Eum.
1593 1693 1740 1756 286.
1795 1692 2027 1775 χρόνος
2080 1692 2383 1774 καθαιρεῖ
2420 1693 2623 1756 πάντα
2676 1716 2788 1776 γη-

329 1787 598 1867 ράσκων
644 1785 827 1866 ὁμοῦ.
875 1783 1025 1847 Eur.
1073 1783 1288 1867 Suppl.
1340 1783 1527 1846 1177.
1574 1782 1756 1865 χόριν
1803 1782 2043 1864 ἀγήρω.
2093 1778 2189 1845 Fr.
2242 1784 2389 1864 910,
2438 1782 2495 1844 6.
2542 1783 2791 1864 κόσμον

330 1876 616 1959 ἀγήρων.
664 1873 925 1939 Hesiod.
943 1873 1052 1936 Th.
1075 1875 1219 1936 955.
1266 1873 1419 1935 ναίει
1451 1872 1823 1954 ἀπήμαντος
1851 1872 1960 1934 καὶ
2006 1872 2289 1954 ἀγήραος
2326 1873 2536 1955 ἤματα
2568 1872 2789 1936 πάντα.

329 1964 499 2029 Xen.
549 1964 696 2045 Cyr.
743 1961 919 2026 VIII.
967 1982 1027 2046 p.
1076 1963 1202 2024 237
1240 1961 1305 2025 C.
1354 1964 1422 2025 οἳ
1457 1961 1567 2025 καὶ
1611 1961 1723 2043 τὴν
1767 1966 1898 2024 τῶν
1944 1961 2117 2024 ὅλων
2160 1959 2346 2044 τήνδε
2390 1962 2562 2035 τάξιν
2608 1962 2786 2025 συνέ-

329 2078 552 2137 χουσιν
598 2054 823 2136 ἀτριβῆ
886 2051 996 2115 καὶ
1059 2052 1377 2135 ἀγήρατον
1429 2051 1537 2115 καὶ
1592 2051 2052 2132 ἀναμάρτητον.
2130 2049 2363 2115 Confer
2407 2051 2790 2134 ῦπεργήρως

333 2144 562 2207 Aesch.
611 2144 730 2226 Ag.
780 2143 882 2204 89.
1021 2139 1360 2223 δυναστὴς]
1410 2138 1499 2203 Cf.
1549 2140 1776 2204 Aesch.
1823 2142 1942 2223 Ag.
1994 2140 2051 2202 6.

511 2234 661 2296 609.
707 2229 1020 2314 κατέχεις]
1087 2229 1180 2294 Cf.
1228 2230 1420 2293 Arist.
1470 2228 1634 2293 Nub.
1684 2229 1831 2294 603.
1896 2228 2313 2311 Παρνασσίαν
2358 2267 2445 2276 -
2501 2231 2790 2315 κατέχων

325 2322 567 2403 πέτραν
613 2358 696 2367 -
746 2320 1066 2390 Διόνυσος.

511 2429 661 2492 610.
706 2426 1232 2511 μαρμαρόεσσαν]
1305 2426 1616 2491 Usitatior
1686 2426 1889 2491 forma
1962 2432 2058 2492 est
2118 2428 2523 2509 μαρμάρεος,
2599 2427 2789 2489 Arist„

329 2517 498 2581 Nub.
549 2519 697 2581 286.
745 2526 857 2580 etc.
1038 2514 1281 2599 αἴγλαν]
1349 2514 1870 2600 Splendorem,
1935 2517 2201 2581 lucem.
2280 2514 2367 2578 Cf.
2417 2516 2488 2580 Ο.
2520 2515 2592 2579 R.
2643 2517 2789 2580 207.

329 2608 440 2679 τὰς
484 2607 867 2690 πυρφόρους
904 2606 1267 2689 Ἀρτέμιδος
1313 2606 1531 2688 αἴγλας
1577 2607 1636 2688 (i.
1685 2625 1736 2670 e.
1783 2606 2027 2686 faces).
2084 2604 2196 2669 Ph.
2245 2606 2391 2670 830.
2440 2607 2685 2688 ὄμμασι
2732 2605 2790 2670 δ’

329 2699 643 2781 ἀντίσχσις
688 2697 860 2761 τάνδ’
907 2696 1145 2778 αἴγλαν,
1202 2698 1243 2759 ἃ
1289 2698 1524 2759 τέταται
1569 2694 1642 2759 τὰ
1690 2702 1821 2759 νῦν.
1880 2694 2028 2758 Eur.
2077 2695 2290 2779 Suppl.
2341 2697 2488 2759 990.
2536 2698 2594 2758 τί
2634 2697 2788 2778 φέγ-

331 2812 472 2869 γος,
521 2787 630 2850 τίν’
677 2786 896 2868 αἴγλαν
942 2786 1233 2869 ἐδίφρευε
1277 2785 1418 2848 τόθ’
1451 2785 1624 2855 ἅλιος
1656 2785 1882 2848 σελάνα
1914 2808 1979 2848 τε
2008 2785 2145 2848 κατ’
2178 2786 2406 2867 αἰθέρα
2440 2791 2555 2850 etc.
2603 2785 2788 2851 Rbes.

332 2880 479 2940 534.
526 2877 818 2959 μηνάδος
864 2877 1097 2958 αἴγλαν.
1143 2875 1282 2939 Tro.
1318 2876 1463 2938 549.
1509 2874 1810 2957 μέλαιναν
1866 2874 2103 2955 αἴγλαν.
2164 2875 2307 2938 321.
2392 2874 2787 2938 Vocabulum

331 2987 460 3029 non
508 2967 745 3050 legitur
790 2966 959 3049 apud
1009 2965 1413 3044 Aeschylum.

512 3074 640 3136 611
675 3092 767 3155 sq.
814 3070 902 3135 Cf.
950 3071 1045 3135 ΕΙ.
1100 3072 1285 3135 1498.
1341 3073 1415 3133 τά
1461 3071 1513 3133 τ’
1563 3072 1710 3133 ὄντα
1758 3070 1867 3134 καὶ
1913 3072 2006 3152 (τά
2053 3072 2183 3151 τεΡ)
2228 3072 2532 3153 μέλλοντα
2579 3070 2786 3135 Πελο-

328 3164 541 3226 πιδῶν
586 3163 776 3225 κακά.
824 3160 973 3224 Eur.
1023 3161 1157 3245 Iph.
1202 3160 1267 3223 T.
1321 3161 1509 3223 1264.
1564 3162 1638 3223 τά
1694 3185 1759 3223 τε
1812 3166 2035 3242 πρῶτα
2093 3159 2167 3223 τά
2213 3161 2264 3222 τ’
2312 3155 2512 3224 ἔπειθ’
2569 3162 2688 3225 ὅσα
2737 3162 2787 3223 τ’

330 3253 548 3335 ἔμελλε
592 3257 812 3334 τυχεῖν.
861 3250 1003 3315 Hel.
1058 3251 1155 3313 14.
1201 3250 1275 3313 τά
1320 3250 1372 3312 τ’
1419 3251 1568 3314 ὄντα
1615 3250 1722 3314 καὶ
1771 3251 1864 3331 (τά
1897 3251 2024 3331 τεΡ)
2069 3251 2373 3333 μέλλοντα
2419 3251 2597 3313 πάντ’
2646 3252 2786 3333 ἠπί-

330 3365 533 3404 στατο.
581 3341 874 3405 Ezechiel
925 3347 1079 3423 trag.
1127 3338 1295 3423 apud
1344 3338 1572 3404 Euseb.
1619 3338 1842 3423 Praep.
1891 3338 2004 3402 Ev.
2055 3341 2112 3402 9.
2161 3361 2216 3423 p.
2250 3340 2377 3403 440
2401 3338 2474 3402 D.
2523 3342 2669 3422 ὄψει
2714 3341 2789 3403 τά

329 3431 380 3493 τ’
429 3436 584 3492 ᾶντα
628 3431 702 3493 τά
749 3454 813 3493 τε
865 3428 995 3510 πρὸ
1042 3434 1153 3492 τοῦ
1200 3429 1273 3491 τά
1318 3428 1387 3492 θ’
1434 3429 1698 3510 ὕστερον
1746 3428 1911 3492 Plut.
1954 3428 2109 3493 Mor.
2159 3450 2214 3513 p.
2256 3431 2381 3492 392
2416 3429 2489 3492 D.
2537 3429 2790 3512 κινητὸν

331 3520 455 3603 γάρ
501 3544 556 3582 τι
589 3557 668 3565 -
703 3519 742 3582 ὅ
787 3519 1046 3602 χρόνος·
1096 3515 1173 3582 οὗ
1222 3542 1291 3600 γε
1338 3517 1416 3600 δὴ
1465 3519 1535 3581 τὸ
1565 3518 1685 3600 μὲν
1725 3520 1934 3581 ἔπειτα
1967 3519 2074 3582 καὶ
2118 3519 2189 3582 τὸ
2236 3520 2403 3581 ἔσται
2448 3519 2791 3600 λεγόμενον

328 3611 437 3673 καὶ
492 3610 566 3673 τὸ
622 3610 876 3692 γέγονεν
920 3609 1195 3673 αὐτόθεν
1249 3607 1700 3689 ἐξομολόγησίς
1746 3608 1870 3671 ἔστι
1923 3615 2034 3671 τοῦ
2078 3609 2168 3691 μὴ
2219 3609 2414 3676 ὄντος.
2480 3607 2668 3670 Hom.
2715 3608 2789 3671 Il.

336 3702 390 3778 1,
446 3701 549 3762 70.
596 3700 668 3768 ὃς
710 3699 837 3782 ᾔδη
886 3699 960 3761 τά
1006 3698 1057 3761 τ’
1105 3698 1285 3762 ἐόντα
1340 3697 1415 3758 τά
1460 3696 1512 3758 τ’
1560 3696 1870 3778 ἐσσόμενα
1926 3697 2053 3778 πρό
2107 3697 2158 3757 τ’
2207 3697 2389 3761 ἐόντα
2437 3697 2507 3778 (f.
2554 3696 2669 3780 ἠδὲ
2714 3696 2789 3759 τὰ

327 3789 624 3869 πρόσθε).
672 3787 787 3851 Od.
825 3788 1016 3870 1,14.
1061 3790 1118 3850 τί
1159 3792 1435 3869 πρῶτον,
1499 3787 1558 3849 τί
1608 3787 1668 3850 δ’
1724 3788 1963 3858 ἔπειτα,
2027 3787 2085 3848 τί
2138 3786 2194 3848 δ’
2246 3787 2531 3850 ὑστάτιον
2595 3809 2787 3849 κατα-

327 3879 532 3952 λέξω,·
586 3876 743 3939 Plat.
794 3875 998 3939 Parm.
1053 3876 1195 3938 152.
1249 3881 1362 3938 τοῦ
1416 3898 1481 3938 τε
1535 3877 1742 3940 ἔπειτα
1790 3876 1899 3938 καὶ
1944 3880 2055 3938 τοῦ
2102 3880 2231 3938 νῦν.
2287 3875 2477 3938 Thuc.
2524 3875 2635 3940 IV.
2687 3876 2789 3937 64.

328 3968 395 4037 ἐς
457 3966 532 4029 τὸ
595 3967 801 4030 ἔπειτα
869 3966 976 4044 (in
1039 3965 1427 4044 futurum).
1505 3964 1608 4028 Ad
1673 3966 1844 4029 hunc
1908 3966 2147 4046 locum,
2205 3964 2336 4046 jam
2402 3970 2791 4048 corruptum,

327 4058 644 4140 respicere
709 4056 960 4120 videtur
1023 4054 1402 4119 Plutarchus
1467 4053 1624 4117 Mor.
1680 4074 1738 4138 p.
1789 4057 1915 4118 392
1952 4052 2026 4115 D.
2103 4050 2180 4117 οὗ
2247 4077 2315 4135 γε
2380 4053 2458 4136 δὴ
2526 4062 2629 4135 (sc.
2675 4060 2789 4117 τοῦ

327 4147 592 4228 χρόνου)
639 4144 709 4208 τὸ
753 4145 873 4227 μὲν
919 4145 1125 4208 ἔπειτα
1171 4143 1279 4207 καὶ
1322 4141 1393 4206 τὸ
1448 4144 1616 4206 ἔσται
1661 4143 2005 4226 λεγόμενον
2053 4143 2119 4224 (i.
2169 4162 2219 4206 c.
2267 4142 2339 4206 τὸ
2382 4142 2635 4225 μέλλον)
2682 4143 2790 4206 καὶ

326 4237 399 4298 τὸ
447 4236 705 4317 γέγονεν
749 4236 821 4314 (ἰ.
869 4253 921 4297 e.
966 4233 1038 4296 τὸ
1084 4233 1252 4315 πρὶν)
1308 4233 1581 4297 αὐτόθεν
1627 4233 2082 4315 ἐξομολόγησίς
2127 4233 2249 4296 ἔστι
2294 4238 2405 4295 τοῦ
2450 4233 2541 4314 μὴ
2591 4233 2788 4302 ὄντος.

511 4345 659 4406 614.
705 4341 1057 4426 πάμπολις]
1108 4338 1504 4423 Corruptum.
1584 4339 1700 4416 Qu.
1733 4340 2066 4422 πάμπολυ,
2098 4340 2417 4428 παντελὲς,
2459 4340 2787 4421 δυσμόρῳ,

329 4441 440 4496 aut
483 4433 760 4513 πάμπαν
804 4431 1069 4511 ἄτερθεν
1113 4431 1281 4498 ἄτας.
1450 4430 1627 4501 ἐκτὸς
1673 4430 1858 4514 ἄτας]
1917 4428 2157 4492 Eadem
2207 4428 2399 4492 verba
2453 4429 2521 4492 in
2567 4431 2787 4493 eadem

327 4523 480 4586 sede
527 4522 594 4585 in
645 4540 701 4582 v,
750 4526 875 4583 ant.
925 4521 1069 4582 625.
