3463 5287
1401 449 1700 496 munem
2650 431 2776 494 129

327 652 332 657 ·
507 610 693 675 1325.
739 614 779 695 ἢ
825 606 1105 697 μηὸένα]
1169 609 1218 674 1.
1266 627 1317 674 e.
1383 612 1423 693 ἢ
1469 609 1579 673 τὸν
1638 610 1730 693 μὴ
1798 610 1976 683 ὄντα,
2043 610 2221 673 than
2285 609 2606 692 nobody.
2685 609 2775 674 Cf.

323 699 394 765 O.
428 699 495 767 C.
545 701 691 763 918.
738 698 894 782 κᾶμ’
940 701 1078 764 ἴσον
1120 706 1215 782 τῷ
1256 699 1499 782 μηδενί.
1552 699 1650 781 Aj.
1703 700 1891 762 1114.
1940 699 2019 763 οὗ
2066 697 2188 782 γὰρ
2233 699 2415 781 ἠξίου
2460 697 2608 769 τοὺς
2650 723 2775 783 μη-

324 790 526 860 δένας.
576 787 647 853 O.
679 788 752 852 R.
804 791 992 853 1019.
1046 791 1232 853 1231.
1279 788 1371 851 ὅτ’
1418 787 1607 853 οὐδὲν
1652 789 1749 851 ὢν
1792 793 1906 852 τοῦ
1949 787 2155 871 μηδὲν
2200 788 2492 871 ἀπέστης
2536 788 2714 872 ὕπερ.

506 879 695 940 1327.
743 877 836 943 Cf.
883 879 983 960 Aj.
1033 877 1179 943 268.
1243 877 1315 941 τό
1376 900 1471 941 τοι
1530 877 1851 952 ὅιπλάζον,
1916 875 1976 942 ὦ
2023 878 2229 960 γύναι,
2293 879 2512 960 μεῖζον
2555 877 2778 942 κακόν.

410 967 524 1030 τάν
567 967 754 1031 ποσὶν
796 966 1000 1051 κακά]
1049 967 1141 1030 Cf.
1186 967 1267 1030 ad
1307 966 1377 1030 Ο.
1408 964 1482 1032 R.
1520 967 1663 1030 130.
1709 965 1781 1030 τὸ
1828 967 1929 1047 (al.
1974 967 2071 1047 τὰ)
2117 966 2282 1051 πρὸς
2325 967 2475 1031 ποσὶ
2520 972 2781 1032 σκοπεῖν

324 1057 386 1137 (1.
430 1055 503 1120 τὸ
548 1057 661 1120 τάν
703 1055 854 1120 ποσὶ
899 1057 1179 1136 σκοπεῖν)
1231 1056 1558 1139 μεθέντας.
1622 1055 1774 1120 Eur.
1822 1056 1961 1121 Alc.
2011 1059 2156 1121 739.
2220 1057 2370 1122 τούν
2423 1056 2609 1121 ποσὶν
2656 1056 2778 1140 γὰρ

327 1146 568 1210 οἰστέον
612 1145 833 1209 κακόν.
887 1145 1087 1209 Andr.
1137 1146 1283 1209 397.
1339 1144 1413 1209 τὰ
1462 1144 1521 1209 ‹3'
1568 1145 1638 1209 ἓν
1681 1145 1870 1210 ποσὶν
1915 1147 2036 1210 οὐκ
2084 1183 2168 1192 —-
2215 1146 2544 1228 λογίζομαι
2589 1148 2776 1210 κακά.

324 1235 460 1318 Iph.
504 1234 570 1298 T.
622 1235 811 1298 1312.
857 1233 930 1297 τὰ
979 1232 1038 1299 δ’
1084 1234 1154 1298 ἓν
1196 1234 1384 1299 ποσὶν
1423 1233 1432 1320 Ι
1471 1233 1735 1318 παρόντ’
1780 1236 2077 1299 ἄκουσον.
2123 1234 2308 1319 Diog.
2341 1233 2408 1298 L.
2441 1235 2550 1299 VI.
2582 1237 2641 1299 4.
2675 1237 2777 1301 28.

323 1323 397 1387 τὰ
446 1323 506 1388 ‹3’
552 1323 622 1387 ἓν
663 1323 813 1386 ποσὶ
856 1323 1197 1406 πράγματα
1238 1329 1550 1407 παρορᾶν.
1598 1322 1835 1388 Herod.
1867 1323 1982 1388 III.
2019 1325 2119 1387 79.
2158 1327 2212 1387 l.
2258 1325 2532 1388 ἔκτεινον
2575 1325 2778 1389 πάντα

325 1411 455 1476 τινὰ
500 1418 631 1476 τῶν
675 1411 933 1494 Μάγων
975 1411 1086 1477 τὸν
1130 1415 1200 1477 ἐν
1243 1413 1393 1477 ποσὶ
1439 1413 1770 1496 γινόμενον
1816 1416 1966 1494 (τῶν
2013 1450 2096 1459 -
2146 1413 2579 1496 γινομένωνῗ).

510 1503 699 1566 1331.
744 1502 1003 1585 τερμίαν
1035 1539 1118 1549 —-
1151 1501 1422 1587 ἡμέραν]
1469 1502 1517 1567 Ι.
1551 1522 1608 1585 q.
1655 1503 2007 1567 τελευταίαν
2051 1502 2145 1585 (Ο.
2176 1502 2249 1568 R.
2305 1503 2542 1585 1529.),
2589 1503 2775 1567 ὕστά·

324 1614 454 1675 την,
501 1591 742 1675 νεάτην,
788 1590 1100 1674 πυμάτην.
2402 1647 2407 1651 .

509 1681 696 1743 1333.
744 1678 831 1744 Of.
880 1679 978 1744 Tr.
1025 1681 1172 1744 835.
1236 1685 1380 1752 πῶς
1442 1680 1542 1745 ὅὸ’
1597 1683 1679 1744 ἂν
1742 1681 1949 1745 ἀέλιον
2013 1683 2128 1762 (ἔτι
2181 1680 2423 1764 φάοςῖ)
2477 1681 2691 1764 ἕτερον
2735 1683 2775 1764 ἢ

326 1775 518 1834 τανῦν
563 1768 699 1851 (τὸν
743 1771 932 1850 νῢνΡ)
978 1770 1133 1847 {dou

509 1859 697 1923 1335.
745 1857 837 1923 Cf.
882 1858 1050 1923 Phil.
1101 1860 1289 1923 1036.
1335 1860 1575 1924 θεοῖσιν
1617 1860 1678 1923 εἰ
1717 1859 1900 1943 δίκης
1941 1859 2129 1943 μέλει.
2178 1859 2406 1924 Aesch.
2445 1858 2595 1923 Cho.
2633 1859 2778 1923 780.

325 1950 497 2031 μέλει
540 1949 782 2012 θεοῖσιν
834 1945 1051 2031 ὦνπερ
1104 1950 1185 2011 ἂν
1226 1948 1387 2033 μέλῃ
1433 1950 1575 2032 πέρι
1621 1948 1931 2030 (τελεῖνΡ).
1978 1952 2097 2032 Ag.
2150 1950 2295 2013 974.
2341 1948 2521 2031 μέλοι
2569 1948 2642 2012 δέ
2685 1972 2778 2013 τοι

327 2038 427 2102 σοὶ
474 2041 724 2120 τῶνπερ
787 2039 868 2100 ἂν
926 2037 1159 2121 μέλλῃς
1219 2038 1424 2102 τελεῖν.
1494 2037 1643 2103 Eur.
1691 2038 1843 2104 Her.
1895 2038 2039 2103 711.
2104 2037 2363 2121 ἀνὸρῶν
2417 2037 2539 2121 γὰρ
2586 2037 2747 2121 ἀλκή
2767 2056 2780 2069 ·

327 2127 426 2191 σοὶ
473 2127 544 2191 δὲ
588 2126 710 2210 χρὴ
758 2126 1001 2190 τούτων
1043 2126 1268 2209 μέλειν.

510 2215 698 2280 1336.
743 2215 1029 2280 Verbum
1070 2217 1603 2299 συγκατεύχομαι,
1651 2222 1723 2281 ut
1762 2215 2057 2281 observat
2084 2215 2302 2298 Dind.‚
2345 2217 2613 2280 fortasse
2649 2235 2780 2280 non

329 2306 480 2370 alibi
528 2305 764 2389 legitur
807 2306 932 2369 nisi
981 2306 1047 2369 in
1081 2305 1248 2370 Plut.
1281 2305 1436 2370 Mor.
1461 2326 1519 2389 p.
1540 2307 1668 2369 492
1688 2305 1766 2370 D.
1842 2305 2250 2389 “Composito
2298 2307 2500 2370 utitur
2543 2328 2779 2388 συγκα-

326 2395 658 2549 τἏυξάμέἑ
721 2395 875 2477 quia
945 2413 1386 2565 ιηιέεθῗυειὲεῗ
1433 2394 1624 2459 Obori
1681 2394 1761 2459 de
1817 2395 2220 2479 providentia
2284 2395 2503 2459 divina
2570 2394 2783 2459 verbis

328 2505 363 2549 a
433 2503 561 2549 unc
704 2502 842 2549 esse
890 2504 970 2547 vu
1212 2504 1275 2547 m
1328 2533 1340 2546 .

401 2506 426 2569 J
512 2575 699 2638 1341.
748 2575 819 2638 σέ
861 2572 912 2636 τ’
959 2571 1042 2637 αὖ
1086 2573 1293 2658 τάνὸ’]
1342 2572 1430 2637 Cf.
1482 2575 1608 2637 725
1642 2593 1734 2659 sq.

512 2665 699 2728 1342.
749 2662 890 2728 οὔθ
936 2664 1069 2746 ἔχω
1132 2663 1260 2727 ὅπα
1325 2663 1489 2747 πρὸς
1551 2664 1823 2745 πότερον
1879 2661 2034 2747 ἴδω]
2102 2663 2191 2727 Cf.
2240 2663 2399 2727 Phil.
2449 2662 2598 2727 897.
2663 2663 2783 2726 οὐκ

329 2751 449 2816 οῖὸ’
497 2752 646 2817 ὅποι
680 2791 740 2799 -
776 2801 790 2815 .
836 2752 1005 2817 Xen.
1053 2752 1241 2817 Mem.
1290 2752 1371 2818 11.
1425 2754 1479 2817 1.
1513 2755 1616 2816 21.
1664 2753 2029 2836 ἀποροῦντα
2077 2752 2392 2835 ὁποτέραν
2435 2757 2564 2816 τῶν
2609 2751 2786 2816 ὁδῶν

329 2843 653 2926 τράπηται.

513 2933 684 2996 1344
716 2951 808 3014 sq.
856 2930 963 2996 Sic
1011 2931 1282 2996 Alcestis
1327 2932 1609 2998 moriens
1655 2931 1970 2996 exclamat
2013 2931 2164 2996 Eur.
2196 2931 2333 2995 Alc.
2367 2930 2512 2994 267.
2558 2929 2787 3013 μέθετε

330 3020 561 3104 μέθετέ
601 3019 672 3103 μ’
718 3022 863 3104 ἤδη.
905 3021 913 3104 Ι
954 3020 1203 3094 κλίνατ’,
1255 3022 1334 3086 οὖ
1381 3022 1594 3086 σθένω
1640 3022 1844 3085 ποσίν.

515 3111 702 3174 1345.
747 3110 949 3173 πάντα
983 3109 1106 3193 γὰρ
1136 3109 1387 3194 λέχρια]
1436 3110 1641 3174 801101.
1672 3110 1905 3192 πλάγια
1938 3110 2046 3174 καὶ
2074 3109 2470 3174 πεπτωκότα.
2517 3111 2788 3193 Anglice

333 3199 736 3283 tottering,
808 3198 1100 3282 falling.
1178 3200 1270 3263 Cf.
1328 3199 1398 3264 O.
1433 3198 1500 3264 C.
1555 3201 1694 3263 195.
1761 3199 1911 3263 Eur.
1965 3198 2122 3263 Hec.
2184 3200 2373 3263 1026.
2446 3199 2511 3267 ἔς
2564 3199 2787 3262 ἄντλον

332 3288 629 3371 ἐμπεσὼν
672 3289 933 3370 λέχριος.
981 3287 1146 3352 Med.
1198 3288 1388 3352 1168.
1452 3289 1676 3371 λεχρία
1718 3288 1906 3352 πάλιν
1950 3294 2161 3371 χωρεῖ.
2220 3286 2496 3370 Hesych.
2542 3287 2784 3369 λέχριατ

330 3378 579 3459 πλάγια.
724 3377 798 3440 τὰ
846 3377 905 3442 ὁ’
953 3377 1071 3462 -]
1138 3376 1228 3442 Cf.
1276 3377 1346 3442 Ο.
1379 3376 1451 3440 R.
1501 3379 1645 3441 263.
1701 3379 1887 3442 1300.
1953 3378 2178 3441 Aesch.
2226 3380 2346 3461 Ag.
2397 3377 2585 3439 1175.
2651 3376 2786 3439 δαί-

328 3490 479 3548 μων
507 3466 877 3550 ὑπερβαρὴς
907 3467 1240 3550 ἔμπέτνων.
1288 3464 1629 3548 Eurydicis
1660 3467 1931 3533 cadaver
1972 3467 2273 3551 intellige.
2408 3466 2521 3528 τάν
2550 3464 2786 3548 χεροῖν]

333 3555 621 3620 Cadaver
662 3554 782 3618 filii
827 3556 996 3621 dicit.
1075 3555 1169 3621 Cf.
1220 3557 1409 3619 1279.
1461 3556 1649 3620 1297.

517 3643 705 3708 1346.
754 3643 842 3709 Cf.
891 3644 962 3709 Ο.
994 3645 1066 3709 R.
1117 3645 1264 3709 263.

517 3735 705 3797 1348.
753 3734 819 3805 ἔς
869 3733 944 3797 τὰ
998 3735 1178 3799 θεῶν
1230 3734 1436 3818 μηδὲν
1490 3730 1796 3820 ἀσεπτεῖν]
1866 3733 1956 3797 Cf.
2006 3734 2152 3796 731.
2208 3734 2483 3816 εὐσεβεῖν
2533 3733 2598 3803 ἔς
2642 3731 2790 3802 τοὺς

332 3823 597 3893 κακούς.
643 3823 758 3888 Ρ11.
811 3825 998 3887 1441.
1046 3825 1322 3908 εὐσεβεῖν
1364 3823 1439 3886 τὰ
1484 3823 1650 3904 πρὸς
1694 3823 1907 3893 θεούς.
1966 3821 2117 3886 Eur.
2165 3821 2262 3885 Fr.
2312 3824 2459 3904 684,
2507 3823 2564 3884 3.
2612 3822 2786 3884 εὐσε-

330 3915 558 3996 βοῦσιν
620 3913 708 3983 εἰς
769 3913 979 3984 θεούς.
1045 3913 1274 3978 Bacch.
1322 3913 1471 3976 490.
1534 3912 1645 3975 τὸν
1707 3910 2034 3994 ἀσεβοῦντ’
2081 3913 2167 3982 εἷς
2220 3911 2329 3975 τὸν
2373 3910 2545 3974 θεόν.
2594 3909 2788 3974 Arist.

334 4001 428 4065 Pl.
475 4003 624 4066 497.
668 4003 744 4065 τά
789 4026 853 4066 τε
896 4003 1042 4067 θεῖα
1082 4003 1398 4087 σέβοντας.
1445 4001 1604 4066 Plat.
1637 4000 1791 4064 Min.
1823 4021 1880 4084 p.
1916 4002 2061 4063 319.
2110 4002 2173 4071 ἔς
2218 3999 2416 4071 θεοὺς
2463 4000 2572 4064 καὶ
2616 4000 2790 4081 λόγῳ

333 4091 443 4155 καὶ
487 4092 659 4174 ἔργῳ
705 4092 1171 4174 ἐξαμαρτάνειν.
1326 4090 1401 4154 τὰ
1447 4088 1648 4173 θεῶν]
1697 4087 1788 4154 Cf.
1833 4089 1931 4153 Tr.
1965 4091 2112 4153 498.
2159 4089 2231 4152 τὰ
2278 4090 2398 4172 μὲν
2441 4090 2620 4153 θεῶν
2664 4112 2787 4151 πα·

335 4182 546 4264 ρέβαν.
592 4180 691 4245 Fr.
728 4183 874 4245 729.
917 4182 1220 4264 θνήσκειν
1264 4180 1372 4244 καὶ
1405 4179 1480 4243 τὰ
1517 4181 1712 4252 θεῶν,
1759 4177 1956 4250 θεοὺς
1987 4179 2045 4241 ‹3’
2077 4180 2173 4242 οὔ.
2250 4179 2354 4241 Sic
2382 4179 2792 4261 τάνθρώπων

334 4270 432 4333 Τι’.
478 4271 627 4334 439.
675 4268 747 4334 Ο.
779 4269 852 4333 R.
899 4272 1047 4334 498.
1093 4269 1168 4333 τὰ
1212 4271 1468 4354 βροτῶν
1512 4269 1742 4333 Aesch.
1775 4271 1894 4351 Ag.
1944 4270 2045 4331 32.
2110 4267 2183 4331 τὰ
2252 4268 2578 4332 δεσποτῶν
2643 4269 2790 4330 435.

337 4357 485 4422 Eur.
533 4358 683 4423 Her.
733 4360 880 4423 618.
943 4358 1017 4422 τὰ
1080 4360 1259 4423 θεῶν
1313 4360 1474 4442 ὕπερ
1520 4359 1709 4441 (φέρε
1762 4357 2020 4438 Elmsl.).
2076 4357 2174 4421 Fr.
2227 4358 2370 4420 793.
2429 4357 2656 4420 εἰὸέναι
2717 4356 2791 4419 τὰ

339 4448 681 4530 ὀαιμόνων.
811 4447 1117 4532 ἀσεπτεῖν]
1152 4448 1241 4513 Cf.
1263 4448 1334 4513 Ο.
1356 4446 1427 4510 Β.
1450 4449 1596 4510 515.
1644 4447 1753 4511 Sic
1782 4448 2189 4531 ἀνηκουστεῖν
2210 4446 2438 4511 Aesch.
2462 4444 2668 4510 Prom.
2689 4446 2791 4509 40.

338 4537 627 4613 ἀπιστεῖν,
674 4537 968 4621 ἀτλητεῖν,
1015 4538 1360 4611 ἀδυνατεῖν,
1408 4536 1661 4621 ἀόηλεῖν
1709 4537 1830 4618 (Ρ),
1877 4537 2275 4619 ἀφυλακτεῖν,
2323 4536 2650 4599 ἀτευκτεῖν.

2328 4644 2367 4707 9
