3463 5287
696 422 837 486 466·
1558 520 1563 526 Ι
1745 439 2106 486 mmmm

694 600 846 670 θείς.
894 599 1061 662 Xen.
1111 597 1257 681 Cyr.
1304 599 1382 662 V.
1437 599 1488 661 1.
1530 600 1627 663 18.
1675 599 1960 681 ἡλίσκετο
2008 600 2209 681 ἔρωτι.
2258 596 2368 660 VI.
2416 600 2467 660 1.
2504 598 2604 661 31.
2651 597 2920 681 ληφθεὶς
2967 598 3152 679 ἔρωτι

694 695 805 772 τῆς
852 688 1165 771 γυναικός.
1212 687 1472 752 Lucian.
1519 686 1595 752 D.
1641 687 1719 753 D.
1769 688 1924 752 Mar.
1976 690 2032 769 7,
2082 689 2136 750 1.
2185 686 2379 758 ἁλοὺς
2424 688 2610 770 ἔρωτι
2656 687 2715 768 (ὅ
2763 686 2965 767 Ζεύς).

874 779 1022 841 452.
1072 778 1349 860 ὀφθήσει
1394 777 1628 862 κακός]
1687 777 1779 841 Cf.
1828 776 1900 841 Ο.
1933 777 2005 841 R.
2056 777 2199 841 509.
2268 776 2472 859 σοφὸς
2518 777 2740 859 ὤφθη.
2806 778 2954 839 Ant.
3008 777 3152 839 709.

695 868 1021 951 ὤφθησαν
1066 868 1252 930 κενοί.
1298 866 1627 931 Theodect.
1678 869 1736 941 8.,
1786 868 1842 929 8.
1891 867 2197 949 ὀφθέντες
2241 867 2449 929 κακοί.

875 959 1020 1021 454.
1067 956 1194 1039 κὴρ
1244 993 1328 1002 -
1377 957 1454 1021 οὗ
1501 956 1697 1040 καλή]
1766 956 1856 1020 Cf.
1917 956 2143 1020 Aesch.
2195 956 2310 1038 Ag.
2361 956 2507 1019 206.
2571 956 2795 1037 βαρεῖα
2852 955 2972 1037 μὲν
3023 954 3156 1038 κὴρ

696 1045 766 1110 τὸ
810 1046 902 1129 μὴ
950 1046 1272 1109 πιθέσθαι.

876 1136 1024 1197 458.
1070 1134 1160 1198 Cf.
1208 1134 1360 1198 Eur.
1410 1133 1572 1198 Med.
1622 1136 1810 1197 1224.
1857 1134 1997 1197 οὐδ’
2045 1136 2125 1197 ἂν
2170 1134 2391 1215 τρέσας
2436 1135 2671 1215 εἴποιμι
2717 1132 2863 1204 τοὺς
2907 1131 3158 1216 σοφοὺς

694 1226 949 1307 βροτῶν
996 1261 1079 1271 -
1127 1225 1446 1294 τούτους
1489 1225 1785 1306 μεγίστην
1829 1225 2084 1305 μωρίαν
2130 1223 2546 1306 ὀφλισκάνειν.

874 1314 1022 1377 460.
1069 1314 1354 1384 πλείστας
1401 1313 1564 1396 ἀνὴρ
1611 1313 1696 1381 εἷς
1729 1312 1847 1397 -]
1897 1312 1986 1376 Cf.
2043 1312 2195 1376 Eur.
2243 1311 2394 1376 Her.
2428 1314 2485 1374 8.
2532 1312 2756 1376 πόνων
2795 1312 2805 1394 Ι
2844 1313 3158 1375 πλείστων

694 1403 1031 1486 μετασχὼν
1096 1403 1180 1473 εἷς
1245 1403 1408 1486 ἀνὴρ
1464 1401 1814 1484 Ἡρακλέει.
1892 1400 1995 1465 Or.
2048 1402 2192 1464 743.
2259 1400 2492 1465 Herod.
2542 1401 2650 1464 VI.
2700 1403 2846 1474 127.
2916 1403 2988 1471 ὃς
3052 1402 3158 1463 ἐπὶ

695 1492 981 1556 πλεῖστον
1028 1492 1106 1575 ὀὴ
1155 1492 1372 1575 χλιόῆς
1403 1492 1489 1562 εἷς
1520 1492 1683 1574 ἀνὴρ
1714 1492 1990 1555 ἀπίκετο.
2058 1489 2368 1554 construe
2400 1491 2686 1561 πλείστας
2718 1491 2814 1574 ὀή.
2883 1489 2973 1553 Cf.
3004 1491 3157 1553 464.

697 1584 796 1665 Aj.
847 1583 992 1645 994.
1039 1581 1189 1644 Eur.
1224 1581 1363 1645 Hel.
1400 1583 1544 1643 563.
1584 1580 1804 1663 Ἑλένῃ
1853 1580 1909 1643 σ’
1957 1581 2186 1663 ὁμοίαν
2234 1580 2312 1663 δὴ
2359 1580 2604 1663 μάλιστ’
2656 1578 2843 1652 εἶδον,
2891 1580 3092 1661 γύναι.

877 1673 1024 1735 462.
1073 1670 1213 1734 οὐδ’
1259 1673 1339 1733 ἃν
1386 1669 1533 1754 ἥδε]
1599 1668 1694 1733 Sc,
1743 1671 2078 1752 ἓνέγκαιτο.
2158 1669 2247 1734 Cf.
2296 1670 2374 1732 ad
2410 1669 2519 1732 Ph.
2557 1671 2700 1732 948.
2837 1670 3154 1753 ὲντακείη]

698 1760 789 1825 Cf.
838 1759 932 1823 El.
985 1761 1170 1823 1311.
1236 1760 1421 1842 μῖσός
1484 1784 1547 1823 τε
1612 1760 1733 1841 γὰρ
1797 1759 2066 1822 παλαιὸν
2113 1759 2394 1841 ἐντέτηκέ
2436 1782 2563 1841 μοι.
2625 1758 2905 1842 Aloiphr.
2953 1758 3000 1821 Ι.
3057 1760 3156 1821 13.

699 1851 865 1931 ἔρως
912 1850 1223 1932 ἐνέσκηψε
1268 1850 1374 1912 καὶ
1421 1848 1691 1919 ἐντακεὶς
1739 1849 1995 1931 ἀνίησιν.

876 1939 1023 2001 463.
1072 1939 1348 2021 ἒντακείη
1384 1936 1500 2021 -—]
1550 1937 1639 2001 Of.
1673 1937 1768 2000 El.
1810 1939 1994 2001 1311.
2046 1937 2231 2019 μῖσός
2277 1961 2340 2000 τε
2387 1936 2509 2019 γὰρ
2554 1936 2825 2000 παλαιὸν
2871 1937 3160 2020 ἐντέτηκε

751 2051 827 2091 οι.
876 2027 974 2091 Fr.
1025 2028 1152 2090 678
1221 2029 1255 2090 7
1293 2026 1367 2090 D.

696 2054 745 2111 μ
879 2117 1026 2181 464.
1077 2078 1171 2199 ‹332'
1203 2116 1503 2201 μάλιστα]
1559 2117 1599 2180 ι
1648 2137 1699 2180 e
1747 2116 2012 2198 μάλιστα
2063 2116 2160 2199 δή.
2240 2116 2328 2179 cf
2377 2116 2455 2179 ad
2505 2116 2652 2179 460.

877 2206 1023 2269 465.
1071 2206 1141 2270 τὸ
1186 2206 1417 2275 κάλλος
1463 2207 1654 2289 αὐτῆς
1699 2204 1810 2269 τὸν
1855 2207 1995 2288 βίον
2040 2204 2330 2288 διώλεσε]
2379 2204 2466 2268 Cf.
2502 2207 2603 2267 25.
2645 2205 2795 2268 Eur.
2829 2203 2971 2269 Hel.
3008 2206 3157 2268 304.

699 2298 764 2359 αἱ
817 2296 936 2377 μὲν
993 2295 1113 2377 γὰρ
1160 2295 1338 2358 ἄλλαι
1397 2295 1497 2357 διὰ
1544 2296 1615 2358 τὸ
1661 2296 1894 2365 κάλλος
1940 2296 2212 2378 εὐτυχεῖς
2253 2296 2262 2378 Ι
2304 2300 2620 2376 γυναῖκες,
2677 2295 2849 2377 ἡμᾶς
2895 2294 2952 2357 δ’
2999 2294 3157 2357 αὐτὸ

698 2389 862 2448 τοῦτ’
911 2386 1251 2448 ἀπώλεσεν.
1297 2385 1474 2467 Trag.
1509 2385 1716 2468 adesp.
1757 2386 1899 2447 141.
1948 2385 2067 2447 εἴθ’
2115 2385 2363 2466 ὤφελεν
2407 2383 2478 2445 τὸ
2523 2383 2756 2453 κάλλος
2801 2384 2843 2446 ὅ
2873 2408 2957 2465 με
3004 2384 3157 2449 διώ-

700 2475 847 2537 λεσε·
881 2475 888 2553 Ι
928 2478 1151 2543 κακῶς
1198 2474 1472 2537 ὀλέσθαι.

880 2565 1027 2625 468.
1084 2561 1219 2625 κατ’
1253 2561 1472 2646 οὖρον]
1519 2562 1854 2626 CfiAesch.
1878 2561 2044 2647 Sept.
2068 2562 2213 2626 690.
2237 2564 2382 2626 854.
2416 2563 2584 2626 PerS.
2606 2563 2753 2626 481.
2787 2562 2985 2625 Andr.
3008 2564 3155 2625 554.

878 2653 1025 2715 470.
1075 2651 1166 2714 Cf.
1204 2652 1295 2714 ΕΙ.
1330 2656 1476 2716 383.
1524 2653 1689 2734 πρὸς
1736 2658 1924 2715 ταῦτα
1972 2654 2254 2735 φράζου,
2302 2655 2415 2716 καί
2454 2653 2517 2734 (l.
2548 2654 2694 2732 κοῦ)
2737 2677 2820 2735 με
2863 2654 2956 2735 μή
2996 2653 3159 2715 ποθ’

700 2743 960 2824 ὕστερον
1000 2741 1010 2823 Ι
1049 2743 1353 2805 παθοῦσα
1400 2743 1656 2824 μέμψῃ·
1713 2748 1828 2805 νῦν
1875 2741 1995 2823 γὰρ
2043 2743 2110 2804 ἐν
2155 2742 2338 2823 καλῷ
2383 2747 2661 2824 φρονεῖν.
2724 2743 2909 2805 1207.
2955 2743 3160 2805 πιθοῦ

699 2832 935 2913 λέγοντι
981 2832 1145 2913 κούχ
1192 2831 1535 2914 ἁμαρτήσει
1581 2832 1749 2894 ποτέ.

878 2922 1025 2983 473.
1073 2921 1315 3003 θνητὴν
1370 2927 1742 3003 φρονοῦσαν
1797 2921 2031 3005 θνητὰ]
2099 2921 2188 2984 Of.
2237 2919 2387 2984 Eur.
2436 2921 2573 2983 Alc.
2623 2921 2770 2983 802.
2836 2921 3020 2990 ὄντας
3089 2921 3162 2984 δὲ

700 3008 977 3093 θνητοὺς
1022 3010 1223 3093 θνητὰ
1271 3009 1379 3073 καὶ
1424 3017 1684 3093 φρονεῖν
1728 3012 1957 3094 χρεών.
2005 3010 2191 3093 Soph.
2240 3010 2335 3074 Fr.
2387 3010 2532 3072 515.

878 3100 1027 3161 474.
1074 3099 1443 3183 κρύψομαι]
1493 3100 1584 3164 Cf.
1608 3103 1705 3184 Aj.
1729 3101 1875 3162 647.
1923 3100 2155 3182 χρόνος
2188 3136 2269 3144 -
2304 3101 2579 3181 φανέντα
2626 3099 2975 3181 κρύπτεται.
3010 3102 3162 3162 245.

878 3190 1027 3252 477.
1074 3189 1163 3252 Of.
1223 3191 1319 3271 Aj.
1380 3191 1524 3252 999.
1599 3190 1770 3262 ὀξεῖα
1847 3190 1967 3270 γάρ
2042 3213 2158 3252 σου
2231 3190 2412 3272 βάξις
2460 3226 2542 3235 -
2593 3187 2801 3271 ὅιῆλθ’
2866 3188 3164 3270 Ἀχαιοὺς

699 3279 954 3348 πάντας.
1093 3279 1342 3362 διῆλθε]
1411 3279 1498 3342 Cf.
1552 3280 1695 3341 717.
1762 3278 1875 3341 Ph.
1928 3279 2070 3341 743.
2137 3278 2287 3340 Eur.
2337 3278 2551 3360 Suppl.
2602 3279 2747 3340 288.
2813 3277 2980 3359 κάμὲ
3036 3278 3164 3359 γὰρ

705 3369 742 3430 ὂ
781 3368 929 3431 ’λθέ
973 3392 1041 3429 τι.
2371 3403 2379 3410 -

747 3392 807 3450 ιη
882 3458 1028 3519 483.
1078 3458 1381 3539 ἥμαρτον,
1440 3459 1503 3519 εἴ
1547 3482 1598 3519 τι
1645 3456 1818 3538 τήνδ’
1866 3457 2176 3540 ἁμαρτίαν
2233 3455 2469 3539 νέμεις]
2527 3455 2614 3518 Cf.
2673 3456 2900 3520 Aesch.
2950 3454 3163 3519 Prom.

707 3547 853 3609 978.
917 3545 1164 3628 νοσοῖμ’
1229 3548 1325 3618 ἂν,
1392 3549 1449 3608 εἰ
1509 3546 1760 3628 νόσημα
1826 3547 1973 3616 τοὺς
2045 3546 2326 3630 ἐχθροὺς
2399 3552 2653 3627 στυγεῖν.
2817 3545 2990 3627 τήνδ’
3041 3545 3162 3629 -Ι

704 3637 793 3698 Of.
842 3636 941 3716 Aj.
996 3636 1137 3696 114.
1216 3636 1430 3717 ἐπειδὴ
1488 3637 1704 3717 τέρψις
1761 3635 1877 3717 ἥδε
1941 3660 2038 3698 σοι
2103 3636 2171 3697 τὸ
2239 3636 2414 3717 ὁρᾶν.
2486 3635 2597 3698 Ph.
2648 3635 2749 3697 61.
2814 3635 2962 3697 Ant.
3013 3635 3164 3697 320.

703 3724 854 3787 Eur.
904 3723 1066 3788 Med.
1121 3726 1219 3786 14.
1267 3726 1430 3806 ἥπερ
1475 3726 1729 3806 μεγίστη
1782 3726 2044 3807 γίγνεται
2091 3726 2386 3806 σωτηρία.
2454 3724 2628 3806 Cycl.
2680 3724 2824 3786 646.
2891 3722 3022 3805 ὁτιὴ
3073 3761 3162 3770 —-

701 3813 849 3882 τοὺς
912 3813 1177 3882 ὀδόντας
1250 3815 1534 3896 ἐκβαλεῖν
1603 3815 1679 3875 οὗ
1745 3814 2056 3896 βούλομαι
2109 3812 2118 3898 Ι
2167 3814 2578 3895 τυπτόμενος,
2645 3814 2828 3895 αὕτη
2895 3814 3165 3894 γίγνεται

704 3925 1017 3984 σωτηρια,·

880 3993 1027 4054 484.
1075 3992 1211 4054 ἐπεί
1253 4015 1320 4073 γε
1365 3992 1484 4074 μὲν
1532 3993 1609 4074 δὴ
1662 3993 1779 4076 -Ι
1830 3991 1921 4054 Cf.
1970 3996 2119 4057 Ant.
2169 3995 2314 4056 923.
2363 3994 2500 4055 ἐπεί
2541 4016 2610 4073 γε
2657 3991 2735 4075 ὀὴ
2777 3990 2787 4072 Ι
2829 3991 2940 4073 τὴν
2985 3990 3164 4055 εὗσέ-

701 4085 879 4164 βειαν
929 4080 1301 4164 δυσσεβοῢσ’
1349 4082 1724 4163 ἐκτησάμην.
1910 4107 1977 4164 γε
2030 4082 2149 4165 μὲν
2208 4081 2319 4165 δὴ]
2380 4081 2470 4144 Cf.
2517 4081 2613 4144 El.
2669 4083 2855 4144 1244.
2911 4080 3033 4163 ὅρα
3091 4104 3167 4161 γε

699 4171 820 4253 μὲν
869 4171 965 4253 δή.
1016 4169 1651 4254 Aesc11.811ppl.273.
1698 4173 1959 4253 μακράν
2006 4196 2075 4254 γε
2104 4171 2223 4254 μὲν
2256 4172 2333 4254 δὴ
2369 4173 2548 4254 ῥῆσιν
2588 4171 2667 4234 οὗ
2700 4171 2932 4251 στέργει
2963 4170 3166 4240 πόλις.

706 4260 854 4324 Eur.
904 4260 1044 4323 Hel.
1086 4262 1271 4323 1259.
1409 4259 1589 4323 πάντ’
1638 4261 1956 4324 ἐπίστασαι
2003 4260 2217 4345 λόγον]
2266 4260 2355 4325 Cf.
2390 4261 2501 4324 Ph.
2539 4260 2726 4323 1240.
2774 4257 2845 4322 εὖ
2881 4283 2996 4322 νυν
3027 4259 3163 4322 ἐπί-

703 4374 831 4413 στω
878 4349 1057 4412 πάντ’
1106 4349 1411 4432 ἀκηκοὼς
1458 4350 1663 4431 λόγον.
1716 4353 1861 4412 389.
1913 4352 2010 4432 ΑΙ.
2043 4353 2190 4415 480.
2241 4352 2465 4416 Aesch.
2514 4351 2736 4432 Agam.
2786 4350 2932 4412 582.
2979 4348 3166 4412 πάντ’

707 4441 866 4520 ἔχεις
938 4439 1146 4521 λόγον.
1212 4440 1362 4502 Eur.
1421 4438 1552 4523 Iph.
1613 4441 1688 4502 A.
1750 4442 1893 4503 785.
1959 4442 2139 4503 πάντ’
2187 4443 2360 4523 ἔχεις.
2427 4439 2663 4503 Phoen.
2714 4440 2859 4501 953.
2914 4438 2988 4500 τὰ
3043 4438 3166 4519 μὲν

702 4529 857 4610 παρ’
907 4530 1096 4612 ἡμῶν
1141 4529 1321 4591 πάντ’
1369 4530 1544 4610 ἔχεις.
1595 4529 1698 4592 Or.
1752 4531 1894 4592 749.
1941 4537 2126 4594 τοῦτο
2172 4529 2351 4593 πάντ’
2398 4531 2529 4611 ἔχω
2574 4528 2830 4610 μαθών.
