3463 5287
1372 458 1622 505 onnn’us
1668 458 1793 504 m
2676 440 2801 505 367
2811 436 2814 441 ’

353 617 549 683 οἷκον.
596 618 745 682 Ant.
795 618 896 681 35.
960 615 1031 681 τὸ
1076 615 1320 700 πρᾶγμ’
1375 619 1545 699 ἄγειν
1602 619 1722 701 οὐχ
1786 618 1880 690 ὡς
1933 616 2088 700 παρ’
2136 617 2341 681 οὐδέν.
2406 618 2505 699 Aj.
2552 619 2657 682 44.
2713 618 2808 690 ὥς

354 708 456 772 ἐπ’
516 707 833 790 Ἂργείοις.
880 705 977 769 Tr.
1028 707 1175 770 532.
1223 707 1317 778 ὥς
1363 707 1461 771 ἐπ’
1509 708 1735 790 ἐξόδῳ.
1809 708 1900 789 Aj.
1951 707 2097 771 537.
2154 707 2248 777 ὥς
2301 709 2376 770 ἐκ
2429 707 2647 771 τῶνδε.
2705 711 2804 792 Aj.

357 796 503 862 740.
567 795 755 860 Rhes.
807 796 907 859 99.
964 796 1041 860 σὺ
1091 796 1150 860 δ’
1197 797 1291 867 ὡς
1335 797 1393 860 τί
1435 797 1696 879 δράσων
1740 796 1905 880 πρὸς
1949 795 2086 860 τάδ’
2133 795 2365 870 ὁπλίζει
2410 797 2599 880 χέρα,·
2651 795 2804 861 Eur.

353 885 519 950 Med.
569 885 714 949 680.
774 884 853 949 σὺ
902 884 959 948 δ’
1007 886 1101 957 ὡς
1144 886 1203 948 τί
1242 886 1504 969 χρῄζων
1549 886 1733 970 τήνδε
1788 886 2143 957 ναυστολεῖς
2197 886 2439 970 χθόνα,·
2504 884 2609 950 Or.
2661 887 2804 951 796.

351 976 445 1047 ὥς
498 977 556 1038 τί
607 975 686 1058 δὴ
742 975 919 1051 τόδε,·
973 974 1108 1038 Ion.
1158 975 1303 1037 537.
1350 975 1444 1045 ὡς
1486 977 1545 1038 τί
1587 976 1665 1059 δὴ
1714 976 1966 1058 φεύγεις
2007 1000 2123 1059 με,·
2265 975 2430 1058 πρὸς
2473 976 2532 1039 τί
2570 973 2805 1063 χρείας]

353 1064 443 1130 Cf.
490 1066 641 1128 Ant.
694 1065 881 1127 1229.
938 1064 1007 1127 ἐν
1050 1070 1145 1146 τῷ
1189 1066 1543 1146 ξυμφορᾶς.
1611 1065 1708 1147 Aj.
1760 1066 1903 1129 314.
1959 1066 2028 1129 ἐν
2071 1073 2166 1147 τῷ
2208 1065 2595 1148 πραγμάτος.
2641 1066 2805 1131 Phil.

356 1154 501 1218 175.
547 1152 649 1217 ἐπὶ
692 1154 880 1217 παντί
904 1175 995 1234 τῳ
1040 1153 1252 1236 χρείας
1296 1154 1627 1236 ἱσταμένῳ.
1764 1154 1858 1225 ὡς
1887 1154 2288 1237 ἀναλώσαιμί
2313 1153 2431 1240 νιν]
2475 1154 2806 1239 Tanquam

350 1244 408 1308 si
452 1244 897 1329 praecessisset
939 1242 1161 1306 ἔδωκε.
1239 1240 1344 1307 Sic
1389 1241 1538 1307 Eur.
1586 1242 1740 1309 Hec.
1780 1244 1876 1306 10.
1924 1244 2229 1326 ἐκπέμπει
2275 1243 2486 1327 λάθρα
2526 1244 2537 1328 Ι
2577 1244 2802 1328 πατὴρ,

352 1332 449 1407 ἵν’,
514 1334 579 1396 εἴ
629 1332 769 1396 ποτ’
807 1331 990 1395 Ἰλίου
1053 1332 1220 1415 τείχη
1277 1334 1487 1407 πέσοι,
1537 1332 1546 1416 Ι
1594 1339 1723 1403 τοῖς
1787 1334 1980 1407 ζῶσιν
2025 1335 2117 1416 εἴη
2166 1333 2292 1397 κτλ.
2356 1334 2584 1398 Aesch.
2631 1333 2803 1398 Pers.

352 1422 501 1486 450.
546 1423 780 1504 πέμπει
826 1421 1033 1495 ὅπως,
1088 1422 1238 1486 ὅταν
1287 1458 1368 1469 —-
1417 1422 1829 1497 ἐκσωζοίατο,
1872 1421 1881 1505 Ι
1930 1424 2240 1488 κτείνοιεν.
2377 1422 2802 1509 ἀναλώσαιμι]
2910 1445 2920 1453 ·

351 1509 696 1594 Destroy.
774 1509 865 1574 Cf.
904 1510 1094 1576 Thuc.
1127 1510 1242 1575 111.
1277 1511 1379 1574 81.
1427 1513 1489 1575 οἱ
1519 1511 1597 1576 δ’.
1643 1512 1738 1583 ὡς
1768 1513 2017 1578 ἔκαστοι
2063 1513 2391 1587 ἐδύναντο,
2439 1513 2820 1598 ἀνηλοῦντω

350 1601 579 1666 Aesch.
627 1600 792 1685 Sept.
841 1601 987 1664 813.

533 1691 722 1755 1175.
768 1690 1049 1775 τλήμων]
1099 1689 1347 1755 Miser.
1415 1688 1501 1754 Cf.
1541 1689 1636 1754 ΕΙ.
1676 1692 1819 1754 121.
1854 1693 2001 1756 275.
2067 1691 2173 1757 Sic
2207 1692 2528 1777 δύστηνος.
2649 1694 2802 1759 θεσ-

350 1780 575 1864 φάτων
620 1817 706 1827 -
754 1778 1001 1864 κακῶν]
1051 1778 1138 1843 Cf.
1190 1780 1334 1843 796.
1381 1785 1606 1845 κακῶν
1648 1781 1656 1864 Ι
1695 1786 2010 1864 χρησμῶν
2056 1782 2283 1865 ὀνείδη.

534 1870 721 1936 1176.
767 1868 913 1939 τοὺς
956 1869 1279 1953 τεκόντας]
1346 1869 1392 1932 I.
1441 1889 1491 1934 e.
1546 1876 1807 1954 patrem.
1885 1870 2160 1934 Pluralis
2227 1875 2296 1934 ut
2347 1872 2420 1935 in
2469 1872 2656 1935 1095.
2705 1874 2803 1938 Fr.

353 1963 456 2044 61,
504 1962 560 2023 2.
605 1959 753 2029 τοὺς
807 1958 1098 2029 τεκόντας
1143 1959 1249 2022 καὶ
1295 1960 1738 2041 φυτεύσαντας.
1785 1958 2080 2042 Dicaeog.
2128 1963 2186 2022 4.
2241 1960 2498 2043 τραφεὶς
2545 1998 2630 2008 —-
2676 1968 2805 2026 τῶν

350 2050 796 2134 φυτευσάντων
839 2049 986 2111 ὕπο.
1065 2047 1153 2111 Cf.
1203 2049 1393 2112 etiam
1445 2049 1632 2112 1185.
1681 2050 1795 2119 οὕς
1839 2051 1905 2112 τέ
1955 2049 2027 2131 μ’
2085 2050 2205 2112 οὐκ
2252 2050 2378 2112 ἔδει
2422 2053 2691 2115 κτανών.

535 2139 723 2203 1178.
769 2136 1192 2221 κατοικτίσας]
1242 2136 1336 2206 Of.
1388 2135 1458 2201 O.
1493 2137 1558 2201 C.
1611 2139 1756 2212 384.
1805 2139 1951 2201 461.
1991 2139 2177 2201 1282.
2223 2141 2665 2223 κατοικτείρειν
2711 2146 2806 2204 est

532 2318 720 2381 1182.
768 2316 1006 2401 ἐξήκει]
1072 2316 1283 2382 Have
1352 2317 1627 2383 turned
1683 2323 1832 2381 out.
1911 2317 2002 2382 Cf.
2056 2318 2242 2381 1011.
2291 2318 2550 2402 ταρβῶν
2596 2342 2665 2401 γε
2708 2320 2800 2403 μή

347 2432 458 2491 μοι
514 2407 751 2491 Φοῖβος
796 2407 1021 2490 ἐξέλθῃ
1071 2408 1297 2490 σαφής.
1347 2408 1448 2470 88.
1502 2408 1688 2471 1084.
1736 2405 1972 2471 Herod.
2020 2407 2066 2470 I.
2118 2407 2259 2471 120.
2307 2407 2418 2472 VI.
2467 2409 2570 2474 80.

534 2497 720 2560 1183.
768 2493 826 2559 ὦ
871 2502 1017 2578 φῶς
1063 2495 1181 2581 ——]
1231 2495 1321 2559 Cf.
1367 2495 1519 2560 Eur.
1565 2496 1705 2560 Alc.
1755 2496 1902 2560 207.
1949 2496 2104 2561 Hee.
2152 2497 2299 2560 408.

531 2586 720 2651 1184.
769 2586 882 2660 ξὺν
913 2585 1007 2657 οἷς
1035 2585 1086 2648 τ’
1120 2587 1197 2650 οὐ
1237 2592 1399 2705 χρῆν
1430 2585 1694 2670 ὁμιλῶν]
1745 2585 1833 2650 Cf.
1871 2586 2016 2651 366.
2151 2584 2234 2672 τ’]
2282 2587 2358 2651 In
2389 2587 2517 2654 fine
2549 2589 2803 2673 senarii,

354 2681 423 2740 ut
470 2675 529 2741 δ’
574 2678 644 2739 in
692 2675 763 2740 Ο.
795 2675 868 2740 R.
917 2678 1018 2739 29.
1067 2682 1180 2741 etc.
1226 2679 1296 2759 μ’
1342 2676 1415 2739 in
1460 2677 1654 2740 Arist.
1702 2674 1859 2740 Rau.
1910 2678 2055 2740 298.
2105 2676 2254 2740 Eur.
2301 2677 2435 2761 Iph.
2467 2677 2530 2740 T.
2568 2679 2713 2741 961.

532 2766 719 2829 1185.
767 2764 882 2839 ξὺν
928 2765 1022 2836 οἷς
1065 2768 1115 2827 τ’
1148 2767 1226 2829 οὗ
1257 2772 1420 2849 χρῆν
1451 2765 1715 2850 ὁμιλῶν]
1767 2764 1859 2830 Cf.
1904 2767 2090 2829 1273.
2139 2768 2253 2837 οὓς
2295 2767 2415 2849 μὲν
2461 2769 2582 2830 οὐκ
2630 2767 2797 2855 ἔδειΙ

350 2855 634 2938 ὀψοίαθῖ
688 2854 908 2920 Aeseh.
957 2853 1107 2919 Cho.
1150 2855 1294 2919 930.
1344 2855 1563 2926 ἔκανές
1610 2854 1666 2937 γ’
1714 2856 1790 2918 ὃν
1836 2856 1914 2919 οὐ
1959 2862 2138 2939 χρῆν.

430 2957 435 2962 ·
532 2946 718 3008 1187.
768 2944 861 3014 ὥς
905 2945 1074 3025 ὑμᾶς
1120 2943 1238 3028 --]
1304 2944 1493 3010 ‘How
1559 2944 1640 3008 do
1687 2944 1718 3007 I
1766 2951 1963 3008 count
2024 2963 2153 3025 you
2220 2965 2288 3008 as
2353 2946 2557 3029 living
2613 2965 2651 3009 a
2697 2947 2802 3010 life

352 3033 557 3098 which
604 3035 660 3098 is
705 3053 788 3096 no
835 3032 978 3096 life!
1025 3033 1237 3114 (Jebb)
1381 3036 1481 3097 ἴσα
1528 3034 1636 3097 καὶ
1682 3033 1753 3096 τὸ
1798 3033 2026 3118 μηδὲν]
2073 3032 2121 3097 Ι.
2171 3053 2228 3115 q.
2277 3036 2377 3097 ἴσα
2423 2993 2551 3117 τῴὸ
2559 3034 2801 3118 μηδενί.

350 3121 439 3186 Cf.
479 3123 664 3187 1019.
714 3122 784 3185 O.
819 3120 882 3185 C.
934 3123 1077 3186 918.
1124 3123 1279 3205 κᾶμ’
1326 3124 1462 3187 ἴσον
1505 3131 1598 3205 τῷ
1641 3123 1883 3206 μηδενί.
1932 3124 2030 3205 Aj.
2077 3124 2263 3186 1275.
2311 3123 2436 3205 ἤδη
2484 3123 2554 3186 τὸ
2598 3123 2804 3207 μηδὲν

350 3213 550 3283 ὄντας.
598 3210 748 3275 Eur.
796 3210 891 3274 ΕΙ.
943 3213 1087 3275 989.
1154 3213 1385 3295 σεβίζω
1441 3212 1498 3275 σ’
1547 3214 1648 3276 ἴσα
1695 3213 1802 3275 καὶ
1847 3212 2163 3294 μάκαρας.
2213 3218 2276 3275 et
2320 3212 2397 3274 ad
2449 3209 2517 3274 O.
2554 3210 2619 3276 C.
2654 3214 2800 3276 810.

348 3304 496 3366 Ant.
550 3302 736 3365 1325.
793 3300 902 3364 τὸν
958 3302 1079 3364 οὐκ
1127 3302 1275 3365 ὄντα
1321 3302 1563 3383 μᾶλλον
1608 3304 1647 3384 ἢ
1694 3302 1961 3384 μηδένα.
2006 3301 2103 3365 Tr.
2157 3301 2344 3365 1107.
2391 3302 2516 3364 κᾶν
2559 3300 2631 3364 τὸ
2675 3325 2799 3385 μη-

354 3391 459 3455 δὲν
505 3388 580 3456 ὦ.
657 3390 761 3454 Ad
824 3409 959 3455 rem
1024 3391 1102 3455 cf.
1149 3392 1248 3473 Aj.
1302 3392 1445 3454 125.
1511 3391 1652 3473 ὁρῶ
1717 3391 1839 3473 γὰρ
1905 3392 2076 3474 ἡμᾶς
2149 3390 2338 3454 οὐδὲν
2402 3392 2587 3462 ὄντας
2650 3391 2802 3455 ἄλλο

347 3481 512 3565 πλὴν
552 3478 563 3566 Ι
603 3478 812 3544 εἴδωλ’
860 3480 1120 3561 ὅσοιπερ
1186 3482 1401 3562 ζῶμεν
1464 3483 1504 3562 ἢ
1568 3479 1827 3562 κούφην
1890 3481 2089 3544 σκιάν.
2156 3480 2252 3544 Fr.
2306 3481 2403 3543 12.
2451 3480 2803 3562 ἄνθρωπός

349 3571 470 3634 ἐστι
532 3575 784 3652 πνεῦμα
848 3570 954 3633 καὶ
1019 3570 1162 3633 σκιὰ
1225 3569 1444 3651 μόνον.
1512 3569 1656 3632 682.
1714 3569 1905 3634 οὐδὲν
1961 3571 2081 3653 γάρ
2137 3572 2327 3653 ἐσμεν
2389 3567 2555 3653 πλὴν
2601 3576 2803 3640 σκιαῖς

349 3659 635 3731 ἐοικότες.
684 3657 866 3723 Pind.
913 3659 1097 3742 Pyth.
1145 3658 1318 3722 VIII.
1372 3660 1514 3722 135.
1571 3659 1900 3742 ἐφάμεροι.
1955 3660 2014 3721 τί
2055 3658 2126 3723 δέ
2169 3683 2289 3735 τις,·
2333 3660 2392 3722 τί
2433 3659 2491 3723 δ’
2540 3660 2739 3735 οὔτις,·
2788 3657 2797 3747 Ι

348 3754 528 3820 σκιᾶς
590 3750 751 3831 ὄναρ
805 3748 1171 3829 ἄνθρωπος.
1317 3748 1451 3833 ἴσα]
1517 3747 1990 3813 Adverbialiter
2035 3753 2107 3812 ut
2153 3750 2215 3810 in
2265 3749 2423 3812 Phil.
2474 3749 2620 3811 317.
2697 3748 2802 3812 Sic

349 3839 484 3903 ἴσον
528 3840 678 3902 Ant.
725 3839 872 3901 420.
919 3837 1015 3900 ΕΙ.
1067 3838 1212 3900 532.
1266 3839 1451 3901 1478.
1500 3837 1599 3901 Fr.
1648 3838 1797 3902 810.

532 3927 717 3990 1191.
765 3927 918 3992 ὅσον
966 3925 1199 4010 δοκεῖν]
1249 3925 1336 3991 Cf.
1384 3926 1547 3991 Xen.
1597 3926 1831 3992 Oecon.
1879 3927 1993 3991 XI.
2033 3928 2129 3991 18.
2178 3928 2411 4009 ἀριστῶ
2445 3965 2527 3975 --
2562 3928 2681 3992 ὅσα
2718 3964 2799 3975 —-

353 4015 756 4099 διημερεύειν.
894 4016 1128 4102 δοκεῖν]
1193 4017 1240 4080 Ι.
1289 4037 1346 4100 q.
1414 4017 1610 4091 δόξαν
1665 4019 1845 4100 ἔχειν,
1902 4017 2170 4090 εὔδοξον
2225 4016 2405 4090 εἶναι,
2471 4023 2541 4082 to
2591 4016 2676 4082 be
2722 4019 2802 4081 in

350 4111 634 4190 repnte.
713 4105 801 4169 cf.
850 4107 999 4170 Eur.
1046 4106 1183 4170 Tro.
1233 4106 1378 4170 608.
1446 4107 1585 4189 ὁρῶ
1648 4108 1723 4169 τὰ
1770 4111 1899 4171 τῶν
1945 4107 2139 4180 θεῶν,
2205 4107 2299 4176 ὡς
2352 4106 2425 4170 τὰ
2471 4107 2591 4189 μὲν
2634 4130 2799 4189 πυρ-

350 4194 528 4277 γοῦσ’
573 4196 730 4269 ἅνω,
772 4194 781 4282 Ι
820 4195 891 4260 τὸ
938 4195 1116 4277 (τὰΡ)
1162 4196 1365 4280 μηδὲν
1411 4197 1588 4269 ὄντα,
1652 4196 1726 4258 τὰ
1787 4195 1857 4260 δὲ
1904 4196 2194 4261 δοκοῦντ’
2243 4194 2594 4260 ἀπώλεσαν.
2641 4196 2798 4260 Hec.

349 4285 493 4350 294.
562 4286 635 4349 ἔκ
690 4283 742 4347 τ’
798 4284 1205 4359 ἀδοξούντων
1263 4322 1341 4332 -
1400 4285 1527 4348 κάκ
1590 4290 1721 4349 τῶν
1787 4285 2171 4350 δοκούντων.
2238 4284 2470 4368 Adesp.
2526 4287 2683 4367 482,
2742 4286 2797 4348 5.

344 4374 649 4439 καθελὼν
693 4373 813 4457 μὲν
860 4374 1159 4448 δοκέοντζ
1207 4375 1524 4458 ἀδόκητον
1572 4375 1631 4438 δ’
1680 4375 1984 4457 ἐξαείρων
2023 4374 2250 4456 (Ζεύς).
2298 4373 2358 4438 S.
2391 4372 2567 4437 Paul.
2602 4372 2800 4457 Epist.

345 4465 480 4528 Gal.
528 4463 611 4529 II.
660 4466 717 4526 2.
764 4470 892 4535 τοῖς
938 4465 1217 4530 δοκοῦσι.
1269 4465 1433 4528 7.οῑ
1479 4464 1833 4533 δοκοῦντες

528 4554 715 4618 1192.
764 4553 1126 4638 ἀποκλῖναι]
1177 4552 1271 4617 Gl.
1319 4553 1390 4616 B.
1438 4559 1659 4618 πεσεῖν.
