3463 5287
1455 380 1752 426 Ammona:
2698 363 2824 426 103

548 541 697 603 963.
743 537 1052 625 παύεσκε]
1107 538 1217 603 He
1263 545 1398 623 put
1443 540 1672 604 down.
1721 538 1832 621 (Of.
1882 540 1977 603 El.
2029 541 2195 619 796.)
2245 541 2389 605 949.
2435 540 2821 625 ταμιεύεσκε.

365 630 599 694 Aesch.
647 629 745 693 Fr.
795 629 941 692 298.
1005 629 1353 693 κλαίεσκον.
1419 628 1653 693 Herod.
1701 629 1845 693 VH.
1900 629 2042 693 106.
2106 631 2446 712 πέμπεσκε.
2518 632 2660 694 119.
2728 655 2820 695 σι-

363 720 676 783 τεύεσκον.
734 719 875 782 119.
904 720 1280 783 ποιεέσκετο.
1330 718 1477 782 ibid.
1517 720 1795 802 ἔχεσκον.
1845 720 1990 782 211.
2024 720 2394 802 φεύγεσκον.
2531 720 2819 806 ἐνθέους]

365 807 520 871 Deo
587 808 907 872 afflatae.
985 806 1074 870 Cf.
1131 808 1280 871 Eur.
1329 808 1423 872 El.
1478 809 1663 872 1032.
1727 808 1988 892 μαινάδ’
2053 809 2280 873 ἔνθεον
2343 808 2563 892 κόρην.
2627 809 2819 894 Hipp.

370 899 516 961 141.
562 897 702 962 Tro.
751 898 897 960 255.
946 897 1091 960 366.

547 1005 694 1068 965.
743 1005 996 1087 ἠρέθιζε
1042 1003 1346 1089 Μούσας]
1398 1004 1491 1068 Cf.
1538 1004 1725 1069 Hom.
1774 1004 1846 1068 Il.
1879 1008 1938 1087 4,
1973 1004 2029 1068 6.
2078 1004 2276 1069 αὐτίκ’
2323 1006 2611 1087 ἐπειρᾶτο
2645 1004 2818 1089 Κρο-

365 1094 540 1177 νίδης
587 1095 949 1176 ἐρεθιζέμεν
981 1093 1192 1177 οἨρην
1232 1094 1241 1177 Ι
1281 1096 1635 1177 κερτομίοις
1680 1095 1922 1159 ἐπέεσσι
1970 1100 2085 1159 eto.
2141 1093 2337 1179 Long.
2386 1093 2550 1159 Past.
2599 1094 2714 1158 ΠΙ.
2763 1098 2822 1159 8.

363 1185 732 1267 ἀπήρξαντο
795 1184 903 1247 καὶ
964 1183 1260 1267 σύριγγος
1321 1185 1622 1268 καθάπερ
1684 1183 1795 1255 τὰς
1859 1184 2139 1266 ἀηδόνας
2203 1184 2268 1256 ἐς
2329 1184 2442 1267 τὴν
2503 1184 2822 1267 μουσικὴν

363 1274 771 1355 ἐρεθίζοντες.

546 1382 675 1444 966
708 1401 798 1462 sq.
847 1379 1048 1445 Schol.
1084 1381 1286 1464 Apoll.
1320 1380 1437 1445 Rh.
1471 1381 1551 1445 Π.
1590 1382 1733 1446 178.
1780 1381 2168 1465 πηρωθῆναι
2208 1381 2279 1445 δὲ
2309 1379 2502 1444 αὐτὸν
2534 1380 2822 1461 (Phinea)

362 1471 454 1533 ὅτι
503 1508 614 1532 -.
661 1469 1010 1553 Σοφοκλῆς
1058 1470 1128 1533 δὲ
1175 1471 1266 1534 ὅτι
1320 1470 1466 1542 τοὺς
1513 1471 1584 1535 ἐκ
1632 1469 2049 1552 Κλεοπάτρας
2103 1470 2281 1541 υἱοὺς
2328 1470 2688 1553 ἐτύφλωσεν
2738 1507 2821 1515 -

361 1559 642 1629 πεισθεὶς
690 1559 1010 1643 διαβολαῖς
1056 1558 1208 1630 Δίας
1254 1558 1516 1639 (Ἰδαίας
1547 1560 1844 1643 Wagner.
1924 1558 2039 1635 Qu.
2086 1559 2411 1630 Εἷδοθέας
2459 1565 2569 1623 aut
2603 1557 2819 1641 Εὐρυ-

359 1650 529 1727 τίας).
610 1647 706 1711 De
770 1648 887 1712 hac
948 1648 1166 1712 fabula
1229 1649 1493 1713 consule
1558 1649 1749 1713 schol.
1807 1649 1881 1712 ad
1944 1650 2088 1713 981.
2158 1649 2447 1732 Apollod.
2504 1647 2550 1711 Ι.
2611 1649 2667 1711 9.
2717 1650 2821 1711 21.

361 1736 476 1802 III.
535 1738 632 1800 15.
682 1738 737 1800 3.
785 1737 866 1801 II.
919 1738 1062 1802 178.
1121 1737 1560 1822 Asclepiadem
1616 1740 1687 1803 in
1741 1737 1932 1803 schol.
1981 1738 2061 1802 ad
2119 1737 2302 1801 Hom.
2354 1736 2470 1802 Od.
2518 1736 2667 1801 XII.
2718 1737 2822 1800 69.

359 1826 603 1911 Hygin.
649 1824 796 1890 Fab.
850 1828 947 1891 19.

543 1934 690 1998 966.
736 1934 913 2014 παρὰ
964 1970 1043 1979 —
1095 1933 1444 2018 σπιλάδων]
1502 1932 1590 1998 Cf.
1644 1936 1832 1998 1123.
1889 1935 2087 1998 ναίων
2142 1935 2295 2016 παρ’
2350 1935 2569 2017 ὑγρῶν
2606 1932 2818 2016 Ἰσμη-

359 2030 478 2087 νοῦ
527 2024 809 2105 ῥείθρων
856 2024 994 2106 (leg.
1041 2026 1259 2105 ὑγροῖς
1295 2060 1376 2069 -
1407 2024 1770 2105 ῥείθροιςΡ).
1859 2023 1983 2088 Sed
2033 2023 2284 2086 dativus
2332 2024 2434 2087 hie
2482 2024 2819 2086 restituen-

361 2114 488 2176 dus
537 2113 807 2176 videtur.
985 2112 1299 2177 Κυανέων
1346 2113 1695 2195 σπιλάδων]
1753 2114 1842 2178 Cf.
1891 2112 2125 2177 Herod.
2164 2111 2277 2175 IV.
2313 2115 2414 2176 85.
2471 2113 2678 2176 ἔπλωε
2725 2112 2823 2175 ἐπὶ

362 2203 476 2273 τὰς
540 2200 837 2273 Κυανέας
898 2202 1315 2285 καλευμένας,
1389 2202 1498 2273 τὰς
1560 2203 1873 2285 πρότερον
1934 2202 2255 2284 πλαγκτὰς
2305 2201 2604 2285 ’Ἔλληνές
2666 2224 2822 2284 φασι

361 2290 535 2356 εἶναι.
584 2293 687 2355 89.
752 2291 861 2361 τὰς
927 2290 1217 2362 Κυανέας
1283 2292 1692 2363 διεκπλώσας.
1768 2291 2056 2356 Strabon.
2105 2292 2249 2356 VII.
2308 2314 2364 2375 p.
2414 2292 2559 2354 319.
2624 2292 2691 2354 αῖ
2753 2290 2823 2354 δὲ

365 2380 648 2445 Κυάνεαι
693 2381 858 2463 πρὸς
901 2389 996 2463 τῴ
1040 2381 1298 2463 στόματι
1340 2387 1454 2445 τοῦ
1501 2376 1759 2445 Πόντου
1816 2381 1927 2445 εἰσὶ
1976 2381 2094 2444 δύο
2141 2380 2415 2463 νησίδια,
2467 2380 2537 2444 τὸ
2583 2380 2702 2462 μὲν
2746 2386 2821 2462 τῇ

363 2470 660 2552 Εὐρώπῃ
724 2471 1060 2553 προσεχὲς,
1125 2469 1195 2533 τὸ
1253 2470 1322 2534 δὲ
1377 2476 1451 2553 τῇ
1497 2470 1686 2553 Ἀσίᾳ.
1753 2471 1901 2534 Eur.
1954 2469 2116 2534 Med.
2167 2473 2222 2533 2.
2287 2468 2584 2540 Κυανέας
2638 2469 2820 2550 Συμ-

360 2560 712 2642 πληγάδας.
775 2561 959 2623 1259.
1019 2559 1312 2623 Κυανεᾶν
1357 2560 1861 2643 Συμπληγάδων
1915 2565 2162 2642 πετρᾶν.
2242 2559 2448 2623 801101.
2505 2558 2636 2622 ἀντὶ
2688 2564 2820 2630 τοῦ,

359 2650 540 2731 παρὰ
590 2649 661 2713 δὲ
705 2655 832 2721 τοῖς
877 2651 1167 2719 κυανέοις
1213 2650 1504 2732 πελάγεσι
1552 2650 1720 2730 (dat.)
1767 2657 1876 2733 τῆς
1909 2650 2179 2733 διδύμης
2210 2649 2522 2732 θαλάττης
2569 2650 2822 2730 γέγονεν

361 2739 641 2822 ἐμφύλια
688 2738 858 2803 κακὰ
890 2739 1031 2821 περὶ
1075 2738 1223 2809 τοὺς
1262 2739 1565 2810 Φινείδας.
1631 2738 1946 2809 Κυανέοις
1994 2739 2063 2802 δὲ
2108 2739 2436 2820 πελάγεσιν
2481 2737 2651 2802 εἶπεν
2694 2742 2822 2808 τοῖς

359 2829 490 2893 ὑπὸ
548 2834 678 2892 τῶν
722 2826 1036 2892 Κυανέων
1089 2834 1340 2910 πετρῶν
1392 2831 1879 2912 περιεχομένοις.
1945 2826 2211 2911 Dionys.
2263 2828 2502 2910 Perieg.
2558 2828 2701 2890 156.
2747 2829 2822 2890 ὲκ

359 2925 474 2982 τοῦ
542 2918 601 2980 δ’
666 2920 747 2980 ἂν
800 2917 910 2980 καὶ
964 2918 1198 2982 πόντον
1262 2918 1419 2989 ἴδοις
1484 2919 1874 2982 διθάλασσον
1920 2918 2118 2981 ἐόντα.
2187 2916 2333 2981 Eur.
2380 2916 2514 3001 Iph.
2560 2916 2623 2979 T.
2673 2918 2821 2980 421.

359 3008 472 3079 τὰς
519 3007 972 3089 συνδρομάδας
1015 3009 1262 3090 πέτρας.
1322 3008 1545 3072 Aesoh.
1596 3008 1768 3072 PerS.
1816 3007 1964 3071 866.
2012 3007 2135 3071 οἷαι
2182 3007 2584 3089 Στρυμονίου
2630 3006 2820 3069 πελά-

361 3122 520 3180 γους
556 3096 925 3180 Ἀχελωΐδες
971 3097 1083 3162 εἶσὶ
1127 3097 1430 3179 πάροικοι
1481 3095 1787 3180 Θρῃκίων
1834 3096 2145 3161 ἐπαύλων.

547 3205 693 3269 967.
740 3204 920 3267 ἀκταὶ
954 3202 1070 3288 -]
1120 3203 1217 3268 80.
1264 3204 1392 3268 εἰσί.
1530 3204 1568 3267 ὁ
1607 3202 1892 3286 Θρῃκῶν
1928 3199 2180 3288 ἄξενος]
2230 3203 2317 3268 Cf.
2353 3201 2579 3266 Aesch.
2612 3200 2821 3265 Ptom.

366 3295 516 3357 726.
582 3295 680 3355 ἵνα
724 3292 733 3375 Ι
772 3298 1024 3375 τραχεῖα
1072 3293 1309 3357 πόντου
1355 3293 1814 3377 Σαλμυδησσία
1863 3293 2131 3375 γνάθος,
2175 3293 2183 3372 Ι
2224 3292 2607 3374 ἐχθρόξενος
2670 3291 2821 3353 ναύ-

357 3406 548 3456 ταισι,
594 3382 867 3464 μητρυιὰ
913 3387 1094 3447 νεῶν.
1171 3381 1376 3447 801101.
1426 3384 1504 3446 ad
1555 3383 1759 3466 Apoll.
1808 3381 2007 3446 Rhod.
2055 3380 2136 3446 II.
2190 3382 2332 3445 177.
2392 3379 2519 3444 ὕπὸ
2564 3381 2822 3443 πάντων

360 3471 762 3554 ὁμολογεῖται
806 3470 915 3535 τὸν
954 3471 1145 3536 Φινέα
1192 3472 1334 3554 περὶ
1379 3472 1489 3536 τὸν
1520 3472 1990 3555 Σαλμυδησσὸν
2036 3477 2422 3554 κατοικῆσαι.
2469 3469 2506 3532 ὁ
2549 3468 2619 3532 δὲ
2649 3468 2819 3531 Σαλ-

359 3560 697 3714 ΔιΙιῚῑζςδησσδς
760 3560 883 3624 ἐστὶ
926 3566 1037 3643 τῆς
1090 3559 1348 3644 Θρᾴκης
1418 3561 1540 3626 ἐστὶ
1602 3561 1761 3625 κατὰ
1828 3562 1900 3625 τὰ
1966 3560 2257 3644 ἀριστερὰ
2323 3559 2659 3623 εἰσπλέοντι
2712 3556 2823 3620 τὸν

477 3674 639 3714 ντον.

546 3757 693 3820 968.
742 3757 923 3821 ἀκταὶ
968 3756 1359 3842 Βοσπόριαι]
1409 3756 1559 3821 Sub.
1608 3759 1774 3822 εἰσίν.

547 3847 694 3910 970.
742 3847 1098 3930 ἀγχίπτολις
1138 3845 1364 3930 Ἄρης]
1432 3845 1537 3912 Sic
1578 3847 1788 3929 ’Όγκα
1843 3845 2106 3917 Παλλὰς
2171 3845 2404 3910 dicitur
2466 3842 2823 3926 ἀγχίπτολις

365 3938 430 4000 in
483 3936 711 4001 Aescb.
759 3935 926 4019 Sept.
976 3936 1121 4001 501.
1171 3937 1323 4019 quia
1369 3936 1669 4020 templum
1722 3941 1832 3999 aut
1877 3936 2177 3999 sacellum
2226 3936 2362 4018 ejus
2407 3952 2598 4017 prope
2644 3932 2824 4016 oppi-

364 4027 520 4090 dum
568 4026 761 4088 situm
808 4030 955 4089 erat.
1033 4023 1239 4089 Schol.
1303 4025 1479 4108 παρὰ
1546 4025 1667 4107 γὰρ
1722 4023 1925 4107 Θρᾷξι
1979 4030 2223 4107 τιμᾶται
2280 4023 2318 4086 ό
2359 4024 2580 4106 Ἄρης,
2645 4022 2738 4093 ὡς
2785 4022 2823 4086 ὁ

365 4114 631 4198 ποιητὴς
694 4112 795 4194 (Il.
853 4115 957 4197 13,
1007 4114 1185 4194 301.)
1250 4114 1368 4179 ’τὼ
1440 4114 1559 4196 μὲν
1631 4113 1735 4197 ἄρ’
1802 4115 1872 4177 ἐκ
1945 4113 2209 4200 Θρῄκης
2273 4111 2595 4195 Ἐφύρους
2664 4113 2821 4194 μέτα

366 4203 873 4287 θωρήσσεσθον)
951 4204 1145 4287 Ἄρης
1209 4204 1326 4267 1100
1391 4204 1638 4268 facinus
1692 4223 1959 4268 saevum
2025 4210 2088 4268 et
2149 4203 2404 4267 crudele
2467 4201 2823 4285 inspexisse

371 4292 607 4357 dieitur
653 4294 806 4375 quia
851 4294 1065 4357 omnia
1109 4293 1399 4356 facinora
1446 4294 1720 4357 violenta
1767 4293 1827 4357 ei
1877 4292 1993 4356 deo
2040 4292 2503 4373 tribuebantur,
2563 4297 2627 4355 et
2674 4291 2825 4371 quia

371 4383 536 4447 inter
600 4381 753 4446 deos
816 4382 1099 4465 regionis
1173 4384 1356 4446 istius
1429 4382 1779 4465 ἐγχωρίους
1846 4382 2210 4448 habebatur.
2298 4381 2469 4445 Hine
2533 4379 2824 4445 Clemens

372 4472 555 4538 Alex.
615 4470 816 4535 Protr.
864 4471 945 4536 II.
991 4492 1049 4557 p.
1100 4473 1200 4535 24.
1266 4471 1616 4558 Σοφοκλῆς
1681 4471 1752 4536 δὲ
1825 4470 2052 4558 Θρᾷκα
2118 4468 2287 4535 οἶδεν
2351 4468 2541 4536 αὐτόν
2606 4469 2770 4554 (Αρη
2783 4468 2823 4546 ).
