3463 5287
1245 410 1497 456 ommes
1543 410 1848 458 commuue
2643 395 2773 458 245

503 570 669 633 1431
706 588 797 651 sq.
847 568 936 633 Cf.
983 571 1177 634 Arist.
1223 569 1380 634 Rau.
1434 570 1576 634 116.
1624 568 1682 635 ὦ
1730 570 1989 654 σχέτλιε,
2033 571 2364 654 τολμήσεις
2411 571 2533 655 γὰρ
2589 573 2779 650 ἰέναι,·

320 658 427 721 ΔΙ.
473 659 582 722 καὶ
627 659 705 722 σύ
753 683 822 741 γε
870 695 981 723 -.
1046 660 1276 724 Aesoh.
1324 659 1533 724 Prom.
1584 660 1728 723 776.
1794 661 1902 724 καὶ
1953 660 2122 744 μηδὲ
2169 661 2308 741 (καὶ
2350 663 2441 745 μή
2491 685 2561 744 γε
2607 668 2779 727 recte

322 748 562 827 Elmsl.)
610 755 844 831 σαυτῆς
889 749 1196 831 ἐκμαθεῖν
1243 751 1407 832 ζήτει
1452 748 1708 821 πόνους.

505 839 691 900 1431.
739 835 797 901 ὦ
842 837 989 923 παῖ]
1040 837 1128 902 Cf.
1181 839 1369 901 1405.
1508 837 1895 923 δεδογμένα]
1946 838 2096 903 Sub.
2130 840 2269 903 ἔστί.
2348 840 2394 903 Ι.
2442 860 2499 922 q.
2551 840 2777 905 δέδοκ-

318 949 416 990 ται
461 926 646 1008 (Phil.
698 927 841 990 990.
895 928 1083 991 1274.
1137 928 1323 991 1277.
1381 928 1551 991 οὕτω
1618 929 1946 1004 δέδοκται,·
2008 928 2117 992 καὶ
2179 929 2343 1012 πέρα
2410 929 2487 1011 γ’,
2544 929 2689 1004 ἴσθ’,
2735 932 2776 1013 ἢ

319 1016 509 1169 λέγωἑ
566 1015 663 1079 ΤΓ.
714 1016 898 1096 720.).
978 1016 1068 1081 Cf.
1125 1018 1274 1081 Ant.
1335 1017 1480 1079 576.
1542 1016 1889 1100 δεδογμέν’,
1945 1017 2039 1089 ὡς
2102 1019 2297 1092 ἔοικε,
2372 1018 2557 1102 τήνδε
2628 1042 2777 1082 κατ-

414 1129 556 1168 νειν.

506 1212 693 1275 1432.
740 1211 844 1295 ἥδ’
892 1212 1077 1298 ὁδὸς]
1125 1211 1332 1277 Haeo
1378 1214 1776 1296 expeditio
1824 1216 2067 1292 (contra
2109 1213 2392 1295 Thebas).

506 1302 692 1365 1434.
742 1301 830 1366 Cf.
885 1303 1071 1365 1299.
1119 1302 1270 1366 Eur.
1317 1301 1480 1366 Med.
1534 1302 1721 1366 1386.
1770 1303 1926 1367 ἀλλά
1974 1302 2032 1366 σ’
2070 1302 2318 1385 Ἐρινὺς
2364 1304 2595 1367 ὀλέσειε
2639 1305 2775 1367 τέκ-

319 1414 453 1455 νων
493 1390 502 1475 Ι
542 1392 733 1473 φονία
797 1415 861 1455 τε
924 1391 1100 1475 Δίκη.
1165 1391 1399 1455 Herod.
1456 1391 1565 1455 IV.
1630 1393 1772 1455 149.
1838 1392 2175 1474 ἱδρύσαντο
2240 1393 2312 1456 ἐκ
2376 1393 2776 1476 θεοπροπίου

311 1479 622 1562 Ἐρινύων
666 1485 794 1544 τῶν
839 1480 1048 1544 Λαΐου
1093 1504 1157 1545 τε
1201 1480 1309 1544 καὶ
1362 1479 1724 1545 Οἰδιπόδεω
1772 1482 1927 1564 ἱρόν.

505 1588 691 1650 1435.
741 1585 828 1650 Cf.
863 1587 1009 1650 642.
1056 1585 1115 1651 ὦ
1163 1587 1317 1661 Ζεῦ,
1367 1588 1608 1670 διδοίης
1651 1593 1805 1651 τοῖσι
1849 1589 2216 1653 τοιούτοισιν
2262 1585 2350 1652 εὖ.
2406 1588 2631 1672 Polyb.
2664 1588 2777 1654 IV.

324 1678 428 1740 21.
466 1677 564 1739 11.
611 1676 722 1739 ἐάν
767 1675 908 1740 ποτ’
955 1678 1167 1747 αὐτοῖς
1212 1677 1249 1741 ὁ
1296 1676 1451 1748 θεὸς
1497 1675 1566 1741 εὖ
1616 1677 1716 1759 δῷ
1762 1678 1999 1761 (εὕοδῴ
2044 1678 2170 1741 duo
2214 1678 2399 1758 mse).
2479 1677 2778 1742 Commu-

320 1766 472 1829 tatio
535 1784 949 1830 numerorum
1012 1766 1332 1831 notandus
1396 1773 1506 1830 est.
1584 1765 1690 1830 Sic
1744 1768 1935 1830 Arist.
1984 1769 2103 1831 Av.
2155 1768 2301 1830 641.
2348 1767 2640 1831 εἰσέλθετ’
2688 1804 2774 1815 -

320 1856 665 1937 φράσατον.
731 1854 824 1919 ΡΙ.
875 1856 976 1919 75.
1038 1856 1324 1938 μέθεσθε
1372 1892 1453 1902 -
1503 1856 1827 1919 ἀκούετον.
1897 1857 1996 1918 73.
2169 1855 2416 1939 τελεῖτε]
2487 1855 2774 1920 Verbum

319 1946 648 2028 proprium
699 1945 766 2008 in
815 1945 931 2007 hac
976 1963 1061 2008 re.
1118 1945 1194 2006 V.
1245 1943 1314 2008 Ο.
1345 1942 1418 2007 R.
1473 1946 1660 2009 1448.
1709 1944 1897 2008 Hom.
1943 1945 2015 2009 11.
2065 1946 2168 2028 24,
2219 1944 2365 2008 660.
2421 1947 2480 2009 εἰ
2526 1945 2647 2029 μὲν
2695 1946 2774 2029 δή

320 2033 392 2117 μ’
438 2034 673 2104 ἐθέλεις
716 2034 951 2097 τελέσαι
995 2035 1199 2117 τάφον
1233 2033 1490 2116 αἘκτορι
1539 2034 1673 2117 δίῳ.

504 2122 692 2186 1436.
740 2123 874 2187 ἐπεὶ
918 2123 1029 2207 οὗ]
1078 2122 1319 2187 Eadem
1366 2124 1562 2187 orasis
1608 2128 1706 2188 est
1749 2124 1943 2186 Arist.
1990 2121 2136 2206 Lys.
2185 2125 2332 2187 273.

507 2212 692 2274 1438.
739 2211 1059 2296 βλέποντ’]
1127 2212 1215 2277 Cf.
1268 2211 1418 2276 Eur.
1466 2212 1604 2276 Alo.
1656 2214 1800 2275 143.
1865 2211 1973 2276 καὶ
2034 2218 2177 2283 πῶς
2240 2214 2320 2275 ἂν
2383 2212 2574 2284 αὑτὸς
2627 2236 2778 2276 κατ-

320 2301 513 2365 θάνοι
556 2325 620 2364 τε
664 2301 773 2365 καὶ
815 2302 1071 2385 βλέποι,

505 2408 691 2471 1440.
740 2408 804 2479 ἔς
856 2413 1185 2491 προῦπτον
1230 2408 1419 2494 ᾅδην]
1487 2407 1576 2472 Cf.
1624 2408 1775 2485 Eur.
1822 2407 2015 2492 Hipp.
2069 2408 2256 2472 1366.
2321 2413 2649 2491 προῦπτον
2711 2411 2780 2480 ἐς

321 2498 488 2581 ᾅδην
533 2498 770 2580 στείχω.
836 2497 1070 2562 Herod.
1128 2497 1243 2562 IX.
1297 2500 1395 2561 17.
1460 2498 1771 2581 προόπτῳ
1836 2498 2117 2580 θανάτῳ.
2180 2498 2373 2562 Thuc.
2423 2498 2497 2561 V.
2548 2498 2648 2561 99.
2715 2499 2781 2568 ἐς

321 2593 650 2670 προῦπτον
712 2588 1024 2652 κίνδυνον.
1205 2587 1393 2672 ᾅδην]
1460 2585 1714 2652 Death.
1795 2586 1886 2652 Cf.
1944 2587 2171 2651 Aesch.
2229 2588 2349 2672 Ag.
2399 2586 2544 2650 667.
2610 2587 2778 2671 ᾅδην

321 2678 576 2741 πόντιον
619 2678 1025 2760 πεφευγότος.
1080 2676 1231 2741 Eur.
1278 2677 1466 2762 Hipp.
1519 2677 1707 2741 1047.
1763 2673 1956 2760 ταχῖις
2012 2676 2134 2759 γὰρ
2181 2677 2345 2759 ᾅδης
2390 2677 2615 2759 ῥᾷστος
2666 2677 2777 2740 ἀν-

325 2766 427 2849 δρὶ
482 2766 783 2849 δυστυχεῖ.
854 2767 1039 2830 1366.
1105 2765 1200 2831 ΕΙ.
1249 2768 1395 2830 883.
1459 2772 1588 2830 τῶν
1650 2771 1951 2850 φανερῶς
2004 2766 2361 2849 οἰχομένων
2425 2767 2512 2836 εἰς
2575 2765 2779 2829 ἀΐδαν.

324 2856 460 2919 ΑΙο.
513 2857 612 2919 13.
658 2855 833 2940 Virg.
882 2855 1041 2920 Aen.
1088 2855 1171 2919 II.
1222 2857 1366 2919 359.
1413 2855 1757 2920 ‘Vadimus
1805 2855 1974 2919 haud
2032 2855 2291 2919 dubiam
2345 2856 2416 2918 in
2470 2854 2779 2919 mortem.'

412 2943 602 3028 ᾅδην]
650 2944 982 3010 Mortem.
1061 2943 1146 3009 Cf.
1186 2945 1414 3009 Aesoh.
1450 2945 1660 3009 Prom.
1694 2946 1843 3008 498.
1878 2945 2024 3008 812.
2058 2946 2177 3027 Ag.
2212 2945 2359 3008 667.
2406 2944 2573 3027 ᾅδην
2618 2945 2776 3008 πόν-

322 3057 454 3097 τιον
497 3034 894 3117 πεφευγότες.
944 3033 1094 3097 Eur.
1141 3032 1278 3098 Ion.
1331 3035 1518 3098 1050.

508 3142 694 3204 1442.
739 3141 830 3224 μὴ
878 3140 1082 3225 πεῖθ’]
1148 3140 1255 3205 Do
1322 3147 1451 3204 not
1513 3145 1833 3224 attempt
1905 3145 1977 3204 to
2044 3140 2418 3223 persuade
2482 3160 2610 3205 me.
2688 3139 2778 3204 of.

326 3230 407 3294 ad
457 3231 602 3294 993.
740 3230 1113 3294 δυστάλαινα
1176 3229 1313 3312 τᾶρ’
1360 3228 1523 3314 ἐγώ]
1592 3229 1684 3294 Cf.
1733 3230 1832 3311 Aj.
1883 3229 2027 3292 980.
2095 3230 2266 3311 ὤμοι
2297 3230 2588 3311 ’βαρείας
2651 3226 2777 3309 ἆρα

324 3319 385 3402 (f.
417 3320 595 3402 τᾶρα)
640 3326 748 3403 τῆς
794 3320 952 3402 ἐμῆς
996 3320 1205 3404 τύχης.

509 3410 694 3472 1443.
741 3415 931 3472 ταῦτα
980 3409 1059 3492 δὴ
1111 3409 1164 3472 ’ν
1209 3416 1302 3490 τῷ
1343 3408 1594 3491 δαίμονι
1625 3406 1745 3492 —-]
1796 3405 1887 3470 Of.
1920 3406 2148 3470 Aeseh.
2181 3404 2366 3470 Eum.
2399 3406 2548 3470 469.
2596 3404 2776 3471 Dem.

327 3499 473 3562 292.
521 3499 588 3561 ἐν
633 3499 774 3581 θεῷ
818 3497 888 3562 τὸ
934 3499 1108 3569 τέλος
1152 3497 1248 3580 ἦν.

508 3588 695 3652 1444.
741 3587 849 3651 καὶ
902 3588 1052 3671 τῇδε
1105 3593 1300 3670 φῦναι
1352 3585 1620 3671 χάτέρᾳ]
1698 3585 1789 3650 Cf.
1837 3584 1950 3648 Ph.
2000 3585 2145 3648 503.
2210 3585 2441 3649 παθεῖν
2506 3583 2625 3667 μὲν
2689 3581 2778 3658 εὖ,

324 3677 555 3741 παθεῖν
602 3677 672 3741 δε
719 3678 973 3759 θάτερα.
1018 3676 1116 3739 Tr.
1165 3678 1310 3739 272.
1359 3676 1599 3758 θάτέρᾳ
1647 3674 1717 3739 δὲ
1763 3679 1917 3738 νοῦν
1962 3674 2181 3756 ἔχοντ’.

509 3786 696 3847 1445.
745 3785 790 3848 Ι.
827 3803 883 3865 q.
930 3790 1203 3867 κυρῆσαι
1250 3782 1342 3865 (Ο.
1375 3782 1446 3846 R.
1493 3783 1678 3845 1513.
1724 3783 1872 3865 βίου
1912 3780 1982 3846 δὲ
2026 3781 2274 3864 λῴονος
2314 3781 2323 3866 Ι
2365 3781 2533 3863 ύμᾶς
2576 3787 2777 3863 κυρῆ-

327 3896 432 3937 σαι
475 3873 641 3954 κτλ.).
720 3872 808 3937 Cf.
858 3874 956 3955 Aj.
1007 3873 1152 3936 508.
1217 3874 1258 3955 ἤ
1306 3897 1375 3937 σε
1430 3871 1735 3943 πολλάκις
1775 3873 1783 3952 Ι
1824 3872 1999 3942 θεοῖς
2064 3871 2287 3953 ἀρᾶται
2352 3872 2558 3945 ζῶντα
2617 3870 2780 3952 πρὸς

329 3962 571 4045 δόμους
614 3963 845 4045 μολεῖν.
890 3962 989 4025 Τ1·.
1023 3962 1126 4025 47.
1172 3962 1284 4044 τὴν
1329 3961 1457 4042 ἐγὼ
1504 3960 1689 4044 θαμὰ
1731 3962 1740 4043 Ι
1780 3961 1957 4031 θεοῖς
2003 3960 2262 4043 ἀρῶμαι
2292 3966 2589 4043 πημονῆς
2633 3959 2779 4041 ἄτερ

326 4051 552 4135 λαβεῖν.
708 4052 964 4135 ἀντῆσαι
1026 4048 1273 4137 κακῶν]
1341 4049 1431 4114 Of.
1478 4050 1629 4113 Eur.
1677 4049 1864 4114 Herc.
1915 4051 2059 4113 319.
2125 4051 2202 4114 εἰ.
2238 4049 2358 4132 μὲν
2421 4048 2782 4112 σθενόντων

326 4146 455 4205 τῶν
517 4142 695 4224 ἐμῶν
756 4142 1119 4225 βραχιόνων
1161 4141 1170 4223 Ι
1211 4140 1441 4223 ἤντησ’.
1506 4138 1693 4203 Hom.
1749 4140 1820 4204 11.
1873 4141 1936 4223 1,
1985 4139 2087 4201 67.
2152 4138 2369 4221 ἀρνῶν
2431 4138 2648 4220 κνίσης
2696 4175 2779 4184 -

327 4230 632 4302 ἀντιάσας.
683 4231 796 4295 Od.
847 4232 904 4313 3,
953 4232 1057 4293 44.
1121 4236 1232 4293 τοῦ
1290 4228 1411 4312 γὰρ
1465 4228 1575 4293 καὶ
1621 4228 1834 4311 δαίτης
1879 4229 2196 4311 ἠντήσατε.
2253 4227 2486 4291 Herod.
2534 4225 2583 4288 I.
2637 4227 2780 4289 114.

328 4319 715 4394 ἀποικτίζετο
777 4325 906 4384 τῶν
970 4318 1098 4383 ὑπὸ
1144 4318 1370 4402 Κύρου
1435 4318 1676 4401 ἄντησε.
1742 4317 1823 4382 Π.
1876 4318 2019 4380 119.
2083 4317 2192 4380 καὶ
2255 4316 2500 4390 ξεινίων
2555 4316 2780 4398 ἄντησε

329 4411 563 4489 (came
610 4410 687 4472 in
734 4410 873 4490 for)
937 4409 1253 4492 μεγάλων.
1317 4408 1412 4472 ΕΙ.
1460 4407 1605 4471 869.
1671 4408 1815 4471 οὔτε
1877 4430 1988 4470 του
2052 4406 2259 4488 τάφου
2317 4405 2609 4476 ἀντιάσας
2652 4404 2781 4469 κτλ.

328 4499 428 4580 Aj.
476 4500 624 4563 433.
671 4499 971 4569 τοιούτοις
1005 4535 1086 4545 -
1119 4503 1345 4567 κακοῖς
1390 4497 1766 4579 ἐντυγχάνω.
