3463 5287
600 410 682 473 70
1677 426 1974 472 Ammona

460 596 467 604 '
595 586 823 671 ἀρεστὴ
891 588 1162 671 γένηται,
1228 594 1343 652 etc.
1441 585 1720 651 offendit
1792 587 2063 650 aoristus
2127 584 2455 667 ἀρεσθείη,
2528 586 2648 648 hoc
2715 602 2844 647 uno
2909 583 3050 647 1000

594 697 665 743 re
747 683 898 741 rtus.

665 696 745 762 ΡΘ
778 766 924 830 501.
971 764 1396 849 ἀφανδάνοντ’
1442 763 1596 849 ἔφυ]
1657 764 1747 829 Cf.
1792 765 1980 829 Hom.
2030 763 2144 827 Od.
2198 765 2297 846 16,
2346 766 2491 827 387.
2539 764 2597 826 εἰ
2640 762 2698 826 δ’
2745 762 2895 844 ὑμῖν
2940 763 3055 825 ὅδε

594 856 813 940 μῦθος
857 854 1224 937 ἀφανδάνει.
1271 854 1504 919 Herod.
1552 854 1633 918 ΙΙ.
1686 856 1829 917 129.
1878 854 2192 917 ἀπαδέειν.
2241 859 2305 917 et
2351 853 2428 916 ad
2481 851 2639 916 Phil.
2692 853 2880 916 1052.

778 945 925 1008 503.
973 945 1040 1008 ἐν
1084 945 1271 1026 τάφῳ
1316 939 1587 1030 τιθεῖσα]
1644 942 1736 1007 Cf.
1784 940 1855 1006 Ο.
1889 942 1954 1007 C.
2009 943 2195 1006 1410.
2242 941 2375 1005 ἀλλ’
2424 942 2491 1006 έν
2544 942 2795 1024 τάφοισι
2849 941 3054 1005 θέσθε

597 1034 741 1118 (leg.
788 1034 856 1098 ἕν
900 1034 1088 1117 τάφῳ
1132 1033 1425 1111 τίθεσθε).

780 1122 926 1186 504.
974 1120 1063 1185 Cf.
1111 1123 1214 1186 89.
1279 1121 1412 1186 ἀλλ’
1478 1120 1598 1185 οἶδ’
1663 1121 2001 1203 ἀρέσκουσ’
2066 1120 2159 1192 οἷς
2221 1120 2481 1202 μάλισθ’
2546 1120 2720 1184 ἁδεῖν
2773 1144 2856 1202 με
2910 1121 3053 1202 χρή.

599 1215 699 1297 Aj.
753 1213 940 1276 1243.
989 1213 1174 1275 εἴκειν
1218 1213 1260 1274 ἃ
1305 1217 1434 1282 τοῖς
1478 1210 1799 1275 πολλοῖσιν
1855 1212 2120 1293 ἤρεσκεν
2166 1216 2416 1293 κριταῖς.
2475 1208 2624 1273 Eur.
2670 1208 2812 1273 Hel.
2867 1211 3053 1273 1003.

600 1302 693 1372 ὡς
739 1302 970 1365 ἅπασιν
1011 1301 1307 1384 ἁνδάνῃς.
1354 1299 1540 1365 Rbes.
1594 1301 1737 1364 137.
1795 1300 2008 1382 ἐπειδὴ
2061 1305 2251 1363 πᾶσιν
2306 1299 2561 1363 ἁνδάνει
2603 1299 2769 1363 τάδε.
2817 1298 3054 1363 Herod.

599 1389 715 1455 III.
763 1393 866 1454 45.
914 1391 1027 1454 καί
1068 1413 1180 1473 σφι
1226 1390 1400 1453 ἁδεῖν
1444 1388 1515 1452 τὸ
1561 1390 1957 1472 προσωτέρω
2003 1390 2225 1472 μηκέτι
2270 1389 2520 1452 πλώειν.

783 1480 930 1543 505.
978 1481 1035 1543 εἰ
1073 1478 1164 1562 μὴ
1215 1479 1510 1561 γλῶσσαν
1556 1478 1854 1562 ἕγκλῄσαι
1899 1478 2137 1562 φόβος]
2196 1477 2285 1542 Cf.
2326 1479 2466 1542 180.
2514 1478 2678 1548 ὅστις
2714 1514 2794 1523 -
2827 1478 2899 1540 ἐκ
2931 1476 3053 1559 φό-

600 1572 723 1654 βου
767 1574 880 1633 τοῦ
929 1570 1223 1651 γλῶσσαν
1268 1567 1579 1651 ἐγκλῄσας
1625 1569 1767 1650 ἔχει.
1819 1567 2092 1651 Theogn.
2147 1568 2290 1630 178.
2338 1567 2592 1649 γλῶσσά
2640 1567 2701 1631 οἱ
2747 1567 3005 1630 δέδεται.

784 1658 929 1722 506.
978 1656 1066 1722 Cf.
1115 1657 1342 1722 Aesoh.
1391 1657 1599 1721 Prom.
1649 1658 1795 1720 232.
1852 1659 2043 1721 ἔνεστι
2100 1658 2220 1739 γάρ
2275 1680 2417 1727 πως
2469 1662 2654 1720 τοῦτο
2708 1663 2783 1739 τῇ
2830 1679 3054 1736 τυραν-

602 1747 724 1813 νίδι
762 1747 772 1831 Ι
812 1747 1091 1831 νόσημα,
1139 1753 1265 1818 τοῖς
1295 1747 1526 1830 φίλοισι
1554 1746 1645 1829 μὴ
1679 1747 2070 1811 πεποιθέναι.
2123 1748 2216 1829 Aj.
2255 1746 2441 1809 1350.
2577 1745 2779 1809 πολλά
2824 1746 2876 1807 τ’
2923 1744 3056 1808 ἄλλ’

603 1833 991 1923 εὐδαιμονεῖ]
1066 1836 1155 1900 Cf.
1219 1835 1371 1900 Eur.
1440 1834 1653 1920 Suppl.
1713 1837 1859 1899 577.
1933 1835 2150 1918 τοιγὰρ
2224 1840 2511 1899 πονοῦσα
2600 1834 2802 1898 πολλὰ
2875 1834 3057 1897 πόλλ’

603 1927 965 2009 εὐδαιμονεῖ
1010 1926 1376 2007 (εὐδαίμονα
1426 1925 1636 2007 vulg).
1693 1925 1934 1990 Phoen.
1986 1927 2129 1988 549.
2176 1927 2235 1988 τί
2274 1925 2386 2007 τὴν
2430 1923 2761 2006 τυραννίδ’,
2809 1924 3059 1987 ἀδικίαν

603 2017 978 2098 εὐδαίμονα,
1021 2015 1030 2097 Ι
1068 2023 1253 2098 τιμᾷς
1298 2015 1584 2097 ὑπέρφευ
1595 2039 1617 2091 ;
1695 2012 1901 2079 Sobel.
1967 2016 2087 2078 οὐκ
2153 2014 2220 2078 έν
2275 2015 2514 2096 ἐπαίνῳ
2568 2019 2753 2078 τοῦτο
2798 2020 2909 2096 τῆς
2951 2038 3056 2076 τυ-

604 2105 924 2189 ραννίδος,
972 2104 1106 2167 ἀλλ’
1155 2106 1281 2187 ἔχει
1324 2128 1378 2167 τι
1425 2105 1747 2186 εἰρωνείας
1793 2105 1830 2167 ό
1876 2104 2080 2185 λόγος.

785 2196 930 2259 509.
978 2193 1302 2257 ὗπίλλουσι
1349 2192 1584 2276 στόμα]
1643 2192 1731 2256 Cf.
1781 2193 1929 2256 Eur.
1978 2192 2120 2257 Hel.
2170 2195 2317 2256 445.
2374 2193 2465 2275 μὴ
2514 2192 2809 2274 πρόσιλλε
2863 2199 3058 2274 χεῖρα.

603 2283 704 2347 Fr.
755 2285 899 2347 540.
950 2282 1151 2366 οὐρὰν
1200 2320 1279 2328 —
1328 2282 1578 2347 ὗπίλασ’
1626 2281 1755 2346 ὑπὸ
1801 2282 2182 2347 λεοντόπουν
2226 2282 2425 2365 βάσιν.
2474 2282 2619 2362 Lys.
2667 2302 2724 2365 p.
2780 2283 2924 2364 117,
2958 2282 3058 2345 37.

605 2373 911 2437 ἀπείλλειν
954 2379 1030 2457 τῇ
1075 2372 1266 2454 θύρᾳ.
1346 2371 1631 2437 Verbum
1681 2373 2034 2453 antiquum.

785 2462 930 2525 513.
979 2462 1051 2526 ἐκ
1096 2460 1278 2546 μιᾶς]
1345 2461 1441 2526 Sc.
1506 2461 1762 2543 μητρός.
1843 2460 1929 2524 Cf.
1987 2459 2136 2525 Eur.
2193 2458 2326 2545 Iph.
2374 2460 2437 2524 T.
2487 2461 2634 2524 800.
2699 2458 2757 2523 ὦ
2822 2484 3058 2542 συγκα-

604 2553 855 2636 σιγνήτη
921 2575 985 2615 τε
1047 2551 1176 2615 κάκ
1239 2552 1468 2614 ταύτοῦ
1532 2550 1787 2633 πατρός.
1852 2551 2046 2614 Arist.
2097 2551 2250 2614 Ach.
2303 2551 2447 2614 790.
2511 2550 2872 2633 ὁμοματρία
2939 2551 3062 2632 γάρ

604 2643 728 2707 ἐστι
773 2642 900 2724 κήκ
945 2641 1191 2708 τωύτοῦ
1238 2640 1493 2723 πατρός.

786 2733 931 2795 514.
982 2731 1258 2814 δυσσεβῆ
1320 2738 1505 2813 τιμᾷς
1566 2728 1774 2813 χάριν]
1842 2729 1931 2793 Cf.
1990 2730 2065 2792 ad
2126 2732 2223 2813 Aj.
2275 2731 2420 2793 687.
2484 2729 2673 2792 ταύτὰ
2739 2730 2888 2812 τῇδέ
2947 2754 3063 2812 μοι

603 2821 752 2885 τάδε
792 2819 801 2904 Ι
841 2825 1067 2902 τιμᾶτε.
1131 2820 1317 2884 Pind.
1365 2819 1433 2884 P.
1483 2820 1592 2883 IV.
1640 2820 1788 2883 481.
1854 2818 2070 2883 Παιάν
2116 2843 2216 2883 σοι
2258 2827 2408 2902 τιμᾷ
2452 2821 2636 2901 φάος.
2715 2818 2839 2884 Sed
2895 2820 3063 2900 latet,

606 2911 856 2993 opinor,
905 2909 1276 2992 corruptela.
1355 2908 1479 2973 Pro
1525 2913 1710 2991 τιμᾷς
1757 2908 2201 2990 corrigendum
2249 2910 2464 2972 forsan
2510 2909 2704 2978 τίνεις.

789 3000 936 3061 515.
983 2998 1020 3061 ὁ
1066 2997 1414 3062 κατθανὼν
1459 2999 1677 3080 νέκυς]
1727 2997 1816 3063 Cf.
1866 2999 1968 3060 26.

788 3088 934 3150 516.
982 3088 1046 3150 εἴ
1076 3109 1172 3150 τοι
1220 3086 1336 3170 --]
1404 3086 1641 3170 Supple
1704 3089 2107 3170 μαρτυρήσει.
2188 3087 2276 3151 Of.
2327 3087 2423 3169 Aj.
2476 3088 2663 3150 1131.
2729 3086 2883 3150 ΜΕ.
2930 3088 3062 3168 ἐγὼ

608 3175 731 3260 γὰρ
777 3178 856 3239 ἂν
900 3177 1163 3258 ψέξαιμι
1213 3175 1540 3260 δαιμόνων
1586 3176 1860 3258 νόμους,·
1900 3179 1910 3259 Ι
1964 3175 2087 3239 ΤΕ.
2137 3178 2194 3239 εἰ
2232 3175 2380 3247 τοὺς
2428 3177 2743 3247 θανόντας
2789 3179 2894 3259 (γ’)
2942 3177 3062 3240 οὐκ

607 3266 716 3349 ἐᾷς
760 3265 1024 3329 θάπτειν
1068 3266 1300 3348 παρών
1347 3266 1591 3350 (supple
1636 3266 1886 3348 ψέξεις).

789 3357 934 3418 517.
981 3355 1059 3418 οὐ
1108 3356 1229 3438 γάρ
1274 3379 1329 3418 τι
1376 3353 1636 3438 δοῦλος]
1694 3354 1787 3419 Cf.
1836 3356 1983 3417 456.
2032 3356 2109 3418 οὐ
2156 3355 2278 3437 γάρ
2323 3380 2376 3417 τι
2421 3361 2535 3418 νῦν
2579 3378 2644 3418 τε
2688 3355 2931 3438 κάχθὲς
2979 3393 3061 3401 ·-

611 3447 689 3530 ζῇ
734 3449 943 3508 ταῦτα.
1010 3444 1159 3509 Eur.
1206 3444 1343 3507 Alo.
1393 3446 1540 3507 417.
1614 3445 1691 3508 οὐ
1758 3444 1879 3526 γάρ
1942 3469 1996 3507 τι
2050 3450 2308 3526 πρῶτος
2356 3481 2437 3490 --
2487 3444 2785 3526 γυναικὸς
2832 3445 3065 3527 ἐσθλῆς

608 3534 955 3617 ἤμπλακες.
1002 3533 1192 3618 Soph.
1222 3534 1317 3596 Tr.
1352 3536 1500 3597 483.
1549 3535 1852 3616 ἥμαρτον,
1901 3535 1964 3596 εἴ
1995 3557 2049 3596 τι
2097 3541 2213 3598 eto.
2349 3533 2658 3618 ἀδελφὸς]
2707 3534 3063 3617 Polynices,

789 3623 935 3687 519.
984 3621 1074 3686 Of.
1121 3624 1219 3688 Fr.
1271 3624 1418 3702 777,
1464 3626 1522 3685 2.
1568 3622 1716 3692 τοὺς
1749 3622 1968 3686 Ἅιδου
2015 3622 2271 3705 νόμους.

789 3713 934 3777 520.
985 3711 1073 3777 Cf.
1123 3712 1271 3776 836.
1317 3719 1444 3783 τοῖς
1489 3711 1767 3782 ἰσοθέοις
1813 3712 2138 3794 σύγκληρα
2184 3713 2410 3794 λαχεῖν.

789 3803 937 3865 521.
985 3802 1216 3886 εὐαγῆ]
1283 3801 1374 3866 Cf.
1425 3799 1495 3863 Ο.
1528 3801 1600 3864 R.
1652 3802 1797 3863 921.
1844 3801 2020 3865 λύσιν
2067 3838 2151 3847 -—
2200 3803 2413 3884 εὐαγῆ.
2473 3802 2628 3866 Plat.
2676 3800 2865 3885 Legg.
2916 3800 3064 3864 XII.

612 3892 738 3955 956
773 3894 848 3954 A.
923 3891 1153 3974 ἐλέφας
1212 3927 1291 3936 -—
1350 3891 1472 3954 οὐκ
1546 3889 1768 3972 εὐαγὲς
1841 3890 1999 3973 (Cic.
2075 3891 2406 3973 ‘castum')
2480 3892 2805 3973 ἀνάθημα.
2882 3889 3064 3954 Dem.

609 4001 664 4063 p.
705 3982 848 4063 122,
889 3981 987 4042 16.
1035 3979 1256 4062 εὐαγὲς
1300 3978 1380 4061 ἦν
1424 3985 1646 4043 τοῦτον
1685 3980 2062 4043 ἀποκτεῖναι.
2111 3981 2269 4044 Plat.
2304 3980 2502 4065 Epist.
2536 3983 2663 4044 312
2687 3983 2761 4042 A.
2809 3981 3063 4044 Theocr.

611 4069 714 4152 26,
765 4070 865 4132 30.
915 4069 1158 4133 Gallim.
1192 4067 1327 4134 Del.
1363 4070 1462 4132 98.
1511 4070 1797 4150 εὐαγέων
1844 4070 1913 4133 δὲ
1959 4071 2067 4133 καὶ
2113 4071 2433 4152 εὐαγέεσσι
2476 4071 2801 4154 μελοίμην.
2859 4069 3064 4134 801101.

609 4158 855 4241 εὐσεβῆ.

788 4249 933 4311 522.
982 4246 1221 4311 Similis
1267 4248 1581 4312 sententia
1626 4253 1720 4311 est
1768 4248 1866 4330 Aj.
1905 4248 2092 4310 1372.

790 4337 934 4401 523.
984 4335 1074 4401 Cf.
1124 4339 1220 4419 Aj.
1263 4338 1447 4400 1317.
1497 4339 1554 4400 εἰ
1592 4336 1682 4419 μὴ
1734 4337 2044 4417 ξυνάψων
2090 4336 2246 4400 ἀλλὰ
2294 4338 2622 4402 συλλύσων
2665 4339 2868 4420 πάρει.
2916 4336 3064 4401 Eur.

609 4425 744 4508 Iph.
795 4427 869 4488 A.
917 4427 1065 4489 409.
1132 4432 1610 4508 συσσωφρονεῖν
1675 4425 1825 4508 γὰρ,
1892 4427 2034 4508 οὐχὶ
2088 4434 2427 4500 συννοσεῖν,
2486 4429 2663 4510 ἔφυν.
2729 4427 2822 4491 ΕΙ.
2879 4429 3064 4492 1102.

611 4512 669 4577 ὦ
713 4519 854 4590 παῖ,
900 4516 1196 4598 πέφυκας
1240 4516 1478 4597 πατέρα
1527 4514 1640 4578 σὸν
1687 4517 1958 4598 στέργειν
2006 4517 2114 4581 ἀεί.
2163 4516 2326 4581 Phil.
2378 4520 2477 4581 79.
2526 4520 2628 4581 88.
2674 4516 2771 4581 Tr.
2818 4519 2967 4582 440.
