3463 5287
1431 465 1681 511 01:01?th
1724 465 1851 511 unx
2739 448 2869 511 299

589 623 740 687 290.
788 622 896 687 καὶ
938 623 1070 708 μὴν
1119 623 1235 709 -]
1284 622 1372 688 Of.
1421 624 1570 688 Eur.
1621 624 1733 689 Ph.
1785 625 1930 688 712.
2065 624 2297 709 κωφὰ]
2348 624 2438 691 Cf.
2484 627 2585 710 Aj.
2635 626 2780 690 911.

595 714 740 777 291.
786 713 860 776 τὰ
905 720 1057 777 ποῖα
1103 713 1359 797 ταῦτα,·]
1408 714 1647 778 Eadem
1696 715 1890 779 verba
1937 713 2007 778 O.
2041 712 2104 777 C.
2154 715 2300 778 893.

594 803 741 866 293.
786 803 895 867 τὸν
941 803 1001 868 δ’
1047 802 1236 869 ἰδόντ’
1284 803 1492 876 οὐδεὶς
1537 803 1693 888 ὁρᾷ]
1741 803 1886 889 Leg.
1917 804 2026 868 τὸν
2058 804 2128 869 δὲ
2162 802 2390 886 δρῶντ’
2424 842 2538 867 -.
2597 803 2687 868 Cf.
2721 806 2868 869 Ant.

417 892 564 955 239.
619 890 691 956 τὸ
746 891 868 975 γὰρ
910 893 919 973 Ι
958 893 1203 976 πρᾶγμ’
1251 892 1383 957 οὔτ’
1429 893 1646 976 ἔδρασ’
1704 895 1834 957 οὔτ’
1883 893 2051 957 εἶδον
2098 894 2265 964 ὅστις
2310 893 2390 977 ἦν
2435 894 2473 957 ὁ
2520 894 2712 977 δρῶν.
2770 897 2869 978 Aj.

421 981 608 1044 1280.
658 981 778 1064 οὐχ
823 981 924 1045 ὅδ’
971 981 1051 1065 ἦν
1096 983 1133 1047 ὁ
1182 982 1358 1066 δρῶν
1400 982 1567 1047 τάδε.
1639 982 1826 1047 1288.
1895 983 2077 1048 Alex.
2125 981 2241 1046 III.
2290 982 2438 1047 419.
2493 985 2764 1068 πένητας
2811 982 2870 1049 δ’

414 1070 793 1152 εὐπατρίδας
838 1070 1047 1142 οὐδεὶς
1091 1072 1230 1155 ὁρᾷ.

593 1178 739 1241 294.
790 1178 1081 1261 δείματος
1127 1180 1184 1261 γ’
1231 1180 1356 1262 ἔχει
1400 1178 1630 1264 μέρος]
1683 1177 1848 1264 Lege
1896 1180 2187 1261 δείματος
2229 1181 2443 1263 τρέφει
2486 1181 2700 1264 μέρος.
2779 1179 2867 1245 cf.

411 1266 509 1330 Tr.
559 1268 660 1331 28.
709 1268 809 1331 ἀεί
848 1266 958 1332 τιν’
1004 1269 1076 1332 ἐκ
1122 1266 1336 1352 φόβου
1384 1269 1595 1352 φόβον
1639 1271 1873 1352 τρέφω.
1928 1270 2070 1332 108.
2120 1269 2303 1351 δεῖμα
2348 1270 2725 1352 τρέφουσαν.

593 1357 739 1421 297.
787 1357 1200 1442 οὖξελέγξων]
1259 1355 1350 1421 Of.
1397 1357 1491 1422 El.
1544 1358 1730 1422 1197.
1797 1358 1939 1423 οὐδ’
2005 1358 2398 1442 οὑπαρήξων
2464 1359 2603 1424 οὐδ’
2650 1359 2688 1422 ὁ
2733 1383 2866 1424 κω-

413 1445 627 1510 λύσων
670 1446 846 1529 πάρα
857 1471 881 1524 ,·
928 1444 998 1510 Ο.
1033 1445 1095 1511 G.
1146 1449 1292 1512 302.

595 1553 740 1617 300.
788 1555 1053 1639 νωμῶν]
1121 1553 1210 1619 Cf.
1261 1555 1484 1619 Aesoh.
1531 1553 1697 1640 Sept.
1749 1556 1850 1619 25.
1906 1558 1977 1619 ἐν
2022 1554 2143 1619 ὠσὶ
2187 1559 2431 1638 νωμῶν
2475 1554 2583 1619 καὶ
2627 1556 2867 1639 φρεσὶν,

413 1641 618 1726 πυρὸς
651 1643 821 1727 δίχα,
864 1645 873 1725 Ι
912 1645 1332 1727 χρηστηρίους
1362 1644 1627 1727 ὄρνιθας
1673 1644 1947 1727 ἀψευδεῖ
1983 1645 2184 1728 τέχνῃ.
2237 1647 2319 1709 14
2342 1665 2432 1729 sq.
2490 1644 2674 1709 Eum.
2723 1646 2868 1709 265.

416 1731 829 1816 δελτογράφῳ
878 1732 948 1796 δὲ
991 1733 1171 1796 πάντ’
1218 1734 1451 1816 ἐπωπᾷ
1495 1736 1622 1816 (qu.
1668 1734 1872 1797 πάντα
1918 1735 2132 1817 νωμᾷ)
2178 1736 2376 1817 φρενί.
2442 1733 2591 1797 Eur.
2632 1734 2869 1799 Phoen.

417 1821 604 1884 1255.
650 1823 900 1904 μάντεις
946 1821 1017 1886 δὲ
1064 1858 1147 1868 --
1196 1823 1523 1905 ἐμπύρους
1576 1823 1629 1886 τ’
1676 1822 1889 1905 ἀκμὰς
1930 1820 1938 1907 Ι
1980 1824 2190 1906 ῥήξεις
2234 1826 2285 1887 τ’
2332 1823 2624 1906 ἐνώμων.
2680 1824 2868 1889 Hom.

416 1908 530 1973 Od.
583 1911 683 1993 18,
731 1912 879 1974 215.
944 1912 1033 1975 ἐνὶ
1095 1911 1282 1996 φρεσὶ
1345 1910 1554 1993 κέρδε’
1620 1912 1893 1995 ἐνώμας.
1971 1913 2072 1993 20,
2120 1914 2266 1976 257.
2331 1912 2561 1995 κέρδεα
2626 1919 2871 1996 νωμῶν

415 2000 779 2082 (astutias
825 2001 1145 2066 volvens
1191 2002 1488 2082 animo).
1542 2002 1641 2085 13,
1673 2003 1820 2064 255.
1867 2002 1985 2066 αἰεὶ
2015 2001 2104 2066 ἐνὶ
2135 2003 2427 2085 στήθεσσι
2475 2002 2627 2066 νόον
2671 2003 2866 2066 πολυ-

412 2089 643 2171 κερδέα
689 2095 951 2173 νωμῶν.
997 2089 1234 2156 Herod.
1281 2091 1392 2155 IV.
1447 2093 1587 2154 128.
1644 2096 1988 2174 νωμῶντες
2044 2089 2140 2156 ῶν
2195 2097 2330 2155 σῖτα
2377 2092 2868 2174 ἀναιρεομένους

411 2177 559 2249 τοὺς
589 2179 875 2260 Δαρείου.
924 2179 1081 2244 Plat.
1118 2178 1350 2264 Cratyl.
1384 2182 1510 2244 411
1549 2178 1622 2245 D.
1669 2179 1742 2245 τὸ
1788 2185 2016 2263 νωμᾶν
2059 2180 2168 2244 καὶ
2211 2180 2284 2246 τὸ
2323 2187 2582 2245 σκοπεῖν
2626 2182 2867 2247 ταύτόν.

411 2266 642 2332 Blomf.
691 2267 786 2332 Gl.
834 2268 1001 2353 Sept.
1050 2271 1108 2333 3.

595 2375 740 2439 301.
790 2376 1054 2458 οὗράνιά
1101 2377 1195 2462 τε]
1253 2376 1493 2442 Similis
1548 2376 1832 2461 syllabae
1889 2378 2117 2462 longae
2174 2378 2345 2443 tertii
2401 2378 2583 2461 pedis
2637 2378 2867 2444 solutio

411 2482 729 2548 nusquam
805 2465 960 2529 alibi
1033 2466 1200 2551 apud
1276 2465 1650 2551 Sophoclem
1725 2470 2027 2549 occurrit,
2106 2466 2303 2533 semel
2378 2473 2624 2532 tantum
2701 2468 2868 2551 apud

413 2554 805 2637 Aeschylum
873 2553 1081 2635 (Eum.
1128 2557 1276 2620 485.
1340 2557 1519 2638 ὗμεῖς
1583 2556 1653 2622 δὲ
1715 2557 2030 2640 μαρτύριά
2094 2580 2159 2620 τε
2221 2556 2329 2620 καὶ
2381 2558 2739 2640 τεκμήρια),
2799 2565 2871 2621 ut

413 2646 662 2708 monuit
705 2643 998 2714 Wunder
1041 2646 1208 2710 Adv.
1256 2667 1312 2729 p.
1363 2649 1465 2710 32.
1622 2647 2044 2731 χθονοστιβῆ]
2110 2646 2474 2711 Formatum
2541 2653 2613 2711 ut
2672 2647 2866 2712 πεδο-

412 2734 649 2817 στιβής,
704 2735 1084 2819 ἡλιοστιβής,
1141 2736 1422 2819 ἀστιβής,
1479 2737 1788 2820 εὖστιβής,
1836 2742 1951 2800 etc.
2028 2735 2363 2819 Nusquam
2421 2736 2572 2800 alibi
2617 2736 2867 2820 legitur.

414 2821 501 2887 Of.
556 2823 785 2888 Aesoh.
844 2822 1059 2908 Suppl.
1122 2826 1311 2889 1000.
1386 2825 1492 2888 καὶ
1563 2825 1866 2889 κνώδαλα
1930 2831 2276 2908 πτεροῦντα
2340 2826 2447 2889 καὶ
2510 2825 2867 2909 πεδοστιβῆ.

410 2911 580 2976 Pers.
634 2914 775 2976 132.
823 2913 976 2976 Eur.
1022 2913 1165 2978 Hel.
1219 2915 1405 2978 1536.
1451 2920 1764 2996 πτεροῖσιν
1810 2915 2055 2996 ἀρθεῖσ’
2103 2916 2143 2997 ἢ
2190 2914 2548 2998 πεδοστιβεῖ
2584 2914 2767 2992 ποδί,·

590 3002 737 3065 302.
785 3004 843 3065 εἷ
881 3002 988 3066 καὶ
1042 3002 1134 3086 μὴ
1190 3003 1466 3087 βλέπεις,
1532 3010 1791 3085 φρονεῖς
1839 3003 1894 3066 δ’
1941 3002 2161 3087 ὅμως]
2228 3001 2314 3067 Of.
2363 3008 2512 3068 Ant.
2562 3005 2708 3066 234.
2773 3006 2882 3069 κεῖ

412 3113 509 3153 σοι
554 3089 624 3154 τὸ
669 3090 874 3174 μηδὲν
919 3093 1149 3175 ἐξερῶ,
1197 3093 1432 3175 φράσω
1481 3092 1539 3156 δ’
1586 3093 1787 3176 ὅμως.
1831 3091 1929 3157 Tr.
1982 3093 2124 3156 116.
2176 3093 2271 3174 Aj.
2325 3095 2424 3155 15.

592 3198 737 3262 303.
783 3199 958 3281 νόσῳ
1005 3198 1304 3284 ξύνεστιν]
1353 3198 1443 3264 Cf.
1494 3199 1586 3263 ΕΙ.
1622 3200 1768 3263 599.
1814 3205 2040 3270 κακοῖς
2081 3198 2089 3282 Ι
2129 3198 2384 3270 πολλοῖς
2430 3199 2524 3264 ἀεὶ
2571 3203 2865 3274 ξυνοῦσα.

412 3293 483 3352 et·
519 3288 600 3352 ad
646 3287 757 3352 Ph.
793 3290 937 3353 268.
986 3289 1133 3353 Eur.
1178 3290 1277 3354 Fr.
1317 3291 1504 3372 1079,
1539 3291 1594 3353 3.
1641 3289 1832 3372 ταύτῃ
1879 3295 1954 3371 τῇ
1999 3288 2174 3371 νόσῳ
2222 3290 2448 3362 ξυνών.
2497 3289 2867 3371 Bacchylid.

409 3376 508 3440 Fr.
559 3379 660 3441 39.
708 3378 1003 3461 ἁβρότητι
1050 3381 1354 3452 ξυνέασιν.
1403 3379 1662 3442 Lucian.
1697 3378 1778 3442 de
1810 3376 1956 3442 Salt.
1995 3378 2047 3441 l.
2094 3378 2219 3461 βίῳ
2266 3378 2588 3461 αὐχμηρῷ
2634 3379 2866 3454 συζῶν.

411 3465 575 3530 Plut.
624 3465 749 3531 Cic.
799 3469 900 3529 24.
949 3468 1210 3551 ἀκράτῳ
1256 3469 1572 3551 φιλοτιμίᾳ
1618 3468 1849 3531 συνών.

590 3575 736 3637 304.
784 3575 1060 3660 ἐφήξειν]
1108 3572 1195 3638 Cf.
1248 3577 1391 3638 Ant.
1444 3577 1629 3639 1257.
1680 3576 1777 3658 Aj.
1829 3576 1930 3638 34.

590 3664 735 3727 305.
782 3665 846 3727 εἴ
878 3688 933 3727 τι
977 3665 1068 3747 μὴ
1118 3664 1354 3749 κλύεις]
1414 3665 1503 3729 Cf.
1550 3665 1779 3730 Aesoh.
1829 3667 1947 3748 Ag.
2001 3664 2190 3727 1267.
2246 3665 2310 3727 εἴ
2354 3689 2406 3727 τι
2458 3664 2549 3747 μὴ
2608 3671 2868 3747 φρενῶν

410 3753 651 3834 στύγος.
707 3752 804 3816 Tr.
855 3754 1000 3817 595.
1059 3755 1123 3817 εἴ
1165 3778 1218 3816 τι
1270 3755 1362 3839 μὴ
1422 3754 1603 3817 δοκῶ
1643 3753 1652 3836 Ι
1692 3754 1995 3835 πράσσειν
2039 3754 2323 3835 μάταιον.
2386 3755 2530 3817 712.
2581 3756 2644 3816 εἴ
2676 3778 2727 3817 τι
2773 3754 2864 3837 μὴ

408 3843 878 3925 ψευσθήσομαι.
936 3843 1163 3907 Aesch.
1211 3844 1312 3907 Pr.
1365 3844 1508 3907 196.
1565 3845 1628 3907 εἴ
1668 3867 1722 3906 τι
1776 3843 1867 3926 μὴ
1924 3844 2182 3926 βλάπτει
2237 3842 2447 3923 λόγου.
2534 3842 2867 3908 “Modesto

408 3930 692 4014 loquitur
739 3931 1021 4017 Oedipus
1066 3935 1129 3996 εἴ
1162 3957 1216 3996 τι
1260 3932 1351 4016 μὴ
1401 3934 1582 4016 (nisi
1627 3932 1854 4012 forte)
1912 3933 2157 4014 dicens,
2206 3933 2357 4014 quia
2402 3933 2710 4017 suspicari
2757 3951 2866 4016 po-

408 4025 568 4084 terat
623 4023 748 4085 vati
811 4041 940 4085 non
984 4023 1198 4107 ignota
1255 4042 1390 4088 esse
1439 4040 1600 4106 quae
1656 4024 1943 4086 dicturus
1995 4027 2145 4085 erat.
2224 4020 2407 4097 Quod
2456 4021 2868 4085 confirmatur

410 4108 608 4192 ipsius
652 4110 931 4175 Tiresiae
978 4111 1189 4175 verbis
1238 4113 1381 4175 317.
1427 4118 1617 4175 ταῦτα
1666 4110 1787 4194 γὰρ
1832 4112 2049 4182 καλῶς
2095 4109 2224 4193 ἐγὼ
2265 4114 2274 4191 Ι
2316 4110 2504 4181 εἰδὼς
2536 4110 2866 4175 διώλεσα.”

411 4196 646 4280 (Dind.)
781 4201 989 4271 κλύεις
1033 4206 1160 4264 τῶν
1207 4199 1514 4284 ἀγγέλων]
1563 4200 1652 4263 Cf.
1687 4200 1758 4265 Ο.
1783 4200 1845 4263 C.
1881 4203 2029 4265 412.
2072 4200 2355 4264 κλύουσα
2385 4206 2498 4264 τοῦ
2531 4201 2865 4283 λέγεις-,·

493 4293 623 4352 τῶν
669 4289 977 4375 ἀγγέλων]
1028 4288 1151 4366 Qui
1199 4290 1277 4354 ad
1325 4290 1766 4353 arcessendum
1817 4309 1962 4353 eum
2011 4290 2187 4353 missi
2239 4295 2434 4354 erant.

586 4380 732 4442 306.
780 4377 1050 4465 ἔκλυσιν]
1098 4379 1386 4463 Eseape
1434 4380 1639 4443 from.
1718 4379 1808 4443 Of.
1846 4380 1946 4442 35.
1992 4378 2087 4442 Tr.
2124 4379 2271 4441 654.
2317 4380 2543 4443 Aesch.
2578 4378 2679 4443 Pr.
2714 4380 2860 4442 262.

406 4466 632 4531 ἄθλων
679 4468 738 4530 δ’
785 4469 1034 4531 ἔκλυσιν
1080 4470 1241 4551 ζήτει
1288 4469 1438 4531 τινά.

587 4558 731 4629 309.
781 4557 1314 4642 ὲκπεμψαίμεθα]
1364 4556 1454 4628 Cf.
1490 4559 1634 4632 951.
1669 4558 1766 4640 Aj.
1803 4558 1952 4619 612.
1984 4559 2058 4621 ὃν
2090 4558 2453 4640 ἕξεπέμψω.
2488 4557 2558 4623 O.
2581 4556 2858 4638 (21347,
