3463 5287
703 389 787 450 42
1782 406 2078 452 Ammon

883 567 984 630 67.
1031 572 1159 636 τοῖς
1204 566 1271 630 ἐν
1315 567 1467 630 τέλει
1513 563 1781 652 βεβῶσι]
1829 567 1877 632 I.
1911 587 1969 650 q.
2015 572 2143 637 τοῖς
2187 567 2256 630 ἐν
2299 566 2452 630 τέλει
2499 564 2654 630 οὖσι.
2733 566 2824 631 Cf.
2861 567 2977 631 Ph.
3011 569 3172 631 385.

699 654 848 726 τοὺς
894 656 961 719 ἐν
1005 656 1173 719 τέλει.
1222 658 1320 739 Aj.
1360 657 1545 719 1352.
1592 655 1803 720 κλύειν
1846 655 1956 720 τὸν
2002 656 2235 720 ἐσθλὸν
2279 656 2484 738 ἄνδρα
2530 656 2653 739 χρὴ
2702 661 2830 720 τῶν
2877 657 2945 720 ἐν
2990 658 3174 721 τέλει.

706 744 894 808 1072.
940 744 1247 829 Hyperid.
1294 746 1365 809 in
1408 744 1589 810 Dem.
1636 766 1693 829 p.
1746 747 1846 809 58.
1891 744 2039 816 τοὺς
2085 746 2152 809 ἐν
2194 746 2348 809 τέλει
2393 746 2594 816 ὄντας.

880 836 982 898 68.
1028 833 1294 917 περισσὰ
1349 834 1674 920 πράσσειν]
1752 833 1838 899 Of.
1887 835 1981 899 Tr.
2032 836 2178 899 617.
2243 835 2314 899 τὸ
2369 834 2459 918 μὴ
2522 833 2841 917 ’πιθυμεῒν
2897 835 3176 917 πομπὸς

701 925 797 988 ὢν
840 924 1104 1008 περισσὰ
1154 923 1313 1006 δρᾶν
1358 925 1572 1007 (schol.
1619 925 2184 1007 περιεργάζεσθαι).
2231 924 2382 989 Eur.
2416 923 2609 1008 Hipp.
2648 926 2791 988 785.
2837 925 2910 988 τὸ
2954 925 3171 990 πολλὰ

698 1015 1000 1096 πράσσειν
1047 1014 1168 1078 οὔκ
1216 1014 1283 1077 ἐν
1328 1014 1604 1098 ἀσφαλεῖ
1638 1015 1801 1098 βίου.

879 1121 962 1185 69
995 1140 1087 1203 sq.
1136 1120 1228 1185 Cf.
1278 1123 1424 1185 539.
1473 1121 1605 1185 ἐπεὶ
1645 1120 1654 1201 Ι
1696 1120 1829 1186 οὔτ’
1875 1121 2198 1205 ἠθέλησας
2244 1122 2374 1185 οὔτ’
2422 1120 2551 1203 ἐγὼ
2602 1121 3051 1205 ’κοινωσάμην.

881 1211 981 1274 70.
1028 1209 1269 1295 ἡδέως]
1319 1209 1544 1275 Grato
1590 1211 1794 1275 mihi.
1871 1211 2143 1293 Anglice
2188 1210 2636 1295 acceptably
2683 1216 2757 1274 to
2805 1230 2933 1275 me.

778 1322 788 1333 ‘
882 1302 959 1363 71
996 1320 1088 1384 sq.
1137 1297 1226 1363 Of.
1272 1298 1424 1364 Eur.
1473 1299 1710 1365 Phoen.
1765 1301 1951 1364 1671.
2019 1301 2145 1382 ἐγώ
2202 1324 2326 1383 σφε
2377 1300 2612 1382 θάψω,
2668 1302 2792 1363 κᾶν
2837 1301 3167 1387 ἀπεννέπῃ

699 1389 895 1460 πόλις.
938 1390 947 1473 Ι
986 1387 1132 1454 ΚΟ.
1179 1390 1415 1473 σαυτὴν
1469 1390 1572 1472 ἄρ’
1617 1388 1806 1472 ἐγγὺς
1850 1390 2016 1471 τῷδε
2079 1390 2431 1473 συνθάψεις
2492 1397 2720 1472 νεκρῷ.
2763 1389 2772 1472 Ι
2829 1389 2975 1453 AN
3024 1388 3168 1453 ἀλλ’

700 1479 949 1551 εὐκλεές
991 1503 1086 1543 τοι
1133 1479 1251 1543 δύο
1297 1480 1465 1563 φίλω
1511 1480 1764 1543 κεῖσθαι
1807 1480 2016 1550 πέλας.

883 1569 983 1632 72.
1029 1568 1229 1633 καλόν
1270 1593 1385 1652 μοι
1434 1569 1549 1654 -]
1616 1568 1705 1634 Cf.
1755 1571 1854 1652 Aj.
1905 1569 2094 1632 1310.
2152 1569 2284 1633 ἐπεὶ
2337 1569 2536 1633 καλόν
2579 1594 2693 1653 μοι
2738 1568 2914 1633 τοῦδ’
2961 1571 3164 1652 ὑπερ·

700 1659 1084 1742 πονουμένῳ
1124 1657 1133 1742 Ι
1173 1659 1393 1722 θανεῖν
1440 1663 1554 1722 etc.

881 1750 982 1812 73.
1030 1747 1121 1812 Cf.
1169 1748 1397 1813 Aesoh.
1445 1747 1595 1813 Cho.
1646 1749 1791 1812 354.
1857 1748 2041 1831 φίλος
2103 1749 2332 1832 φίλοισι
2395 1754 2523 1820 τοῖς
2586 1749 2723 1813 ἐκεῖ
2768 1749 2986 1819 καλῶς
3031 1751 3161 1813 θα-

700 1843 913 1901 νοῦσιν
958 1836 1118 1901 κατὰ
1164 1836 1405 1921 χθονὸς
1450 1838 1813 1921 ἐμπρέπων.

883 1945 983 2007 74.
1031 1944 1170 2008 ὅσια
1217 1944 1724 2029 πανουργήσασ’]
1784 1945 1873 2009 Cf.
1919 1942 2108 2009 Hom.
2159 1943 2273 2009 Od.
2321 1946 2437 2010 111.
2490 1946 2588 2010 11.
2640 1947 2739 2008 35.
2798 1946 3163 2031 ‘splendide

702 2032 1020 2098 mendax?
1096 2034 1320 2098 Milton
1376 2034 1535 2099 Par.
1581 2033 1759 2097 Lost
1803 2034 1886 2098 X.
1937 2035 2082 2098 890.
2130 2035 2283 2098 ‘this
2329 2036 2475 2117 fair,
2531 2034 2737 2100 defect
2782 2036 2848 2098 of
2893 2039 3163 2101 nature)

699 2123 883 2187 Tricl.
930 2124 1141 2206 λάθρα
1200 2123 1320 2206 γὰρ
1376 2124 1483 2188 καὶ
1535 2124 1691 2206 μετὰ
1748 2124 2140 2205 πανουργίας
2186 2125 2402 2207 ἔμελλε
2446 2124 2558 2207 τὴν
2602 2125 2811 2208 ταφὴν
2856 2126 3160 2209 ποιήσειν.

697 2213 878 2277 Tricl.
926 2216 965 2297 ἢ
1015 2215 1091 2276 δν
1137 2213 1237 2277 δεῖ
1271 2214 1343 2297 μ’
1391 2213 1677 2296 ἀρέσκειν
1721 2220 1851 2284 τοῖς
1897 2214 2144 2278 ἐνθάδε.

882 2305 982 2367 75.
1030 2300 1120 2366 Cf.
1170 2302 1370 2368 Cicer.
1418 2302 1498 2366 ad
1543 2304 1671 2367 Att.
1718 2301 1870 2367 XII.
1925 2303 2020 2366 19.
2077 2301 2398 2386 ‘Longum
2447 2303 2604 2367 illud
2653 2310 2907 2388 tempus
2956 2324 3158 2387 quum

702 2413 829 2456 non
877 2412 983 2457 ero
1030 2392 1233 2474 magis
1289 2413 1389 2457 me
1446 2399 1661 2457 movet
1715 2412 1906 2476 quam
1953 2393 2073 2456 boc
2121 2394 2455 2477 exiguum,
2511 2393 2683 2475 quod
2738 2393 2895 2456 mihi
2945 2399 3158 2458 tamen

699 2482 975 2546 nimium
1022 2482 1284 2565 longum
1332 2481 1621 2546 videtur!
1764 2487 1894 2545 τῶν
1939 2481 2203 2567 ἐνθάδε]
2259 2482 2308 2545 Ι.
2357 2504 2407 2546 e.
2463 2486 2503 2565 ἢ
2551 2488 2678 2553 τοῖς
2734 2482 2983 2546 ἐνθάδε.
3065 2482 3155 2546 Cf.

702 2571 861 2636 O.G.
896 2571 1041 2634 569.
1091 2571 1280 2635 οὐδὲν
1310 2571 1503 2635 πλέον
1547 2595 1659 2655 μοι
1704 2577 1823 2634 σοῦ
1868 2572 2161 2655 μέτεστιν.
2210 2571 2401 2636 Arist.
2451 2572 2544 2636 Pl.
2585 2574 2730 2636 558.
2777 2578 2889 2637 τοῦ
2938 2571 3154 2636 Πλού-

699 2686 811 2727 του
857 2663 1124 2745 παρέχω
1168 2661 1487 2745 βελτίονας
1532 2662 1787 2744 ἅνδρας.
1836 2661 1950 2725 Ph.
1999 2662 2145 2726 682.

883 2770 983 2832 77.
1031 2769 1121 2834 Cf.
1173 2770 1316 2833 745.
1363 2769 1546 2852 τιμὰς
1593 2807 1675 2815 —-
1721 2768 1833 2840 τὰς
1877 2769 2056 2833 θεῶν
2103 2770 2328 2852 σέβων.

882 2860 983 2923 78.
1029 2860 1216 2942 ἄτιμα
1262 2856 1601 2942 ποιοῦμαι]
1672 2859 1704 2923 Ι
1751 2858 1931 2923 hold
1994 2860 2071 2921 in
2138 2859 2569 2922 dishonour.
2646 2859 2695 2922 Ι.
2745 2880 2802 2942 q.
2851 2860 3154 2942 ἀτιμάζω.

788 2948 859 3012 τὸ
908 2949 978 3012 δὲ
1011 2948 1129 3032 -]
1179 2948 1271 3013 Cf.
1310 2949 1496 3013 1106.
1543 2948 1615 3012 τὸ
1664 2948 1825 3032 δρᾶν
1871 2948 2136 3031 ἀνάγκη.
2184 2948 2278 3012 ΕΙ.
2319 2949 2503 3012 1030.
2550 2947 2803 3031 μακρὸς
2847 2949 2918 3013 τὸ
2949 2956 3156 3030 κρῖναι

699 3045 890 3102 ταῦτα
937 3040 1036 3120 χώ
1083 3037 1302 3109 λοιπὸς
1333 3039 1681 3120 (πρόπαςΡ)
1729 3039 1979 3121 χρόνος.
2034 3038 2219 3101 1079.
2264 3038 2335 3101 τό
2381 3062 2444 3101 τε
2488 3038 2578 3120 μὴ
2627 3039 2876 3121 βλέπειν
2922 3040 3153 3120 ἑτοίμα.

702 3126 815 3190 Ρ11.
850 3129 995 3191 620.
1037 3128 1221 3190 1252.
1270 3129 1371 3210 Α]’.
1409 3129 1551 3190 114.
1591 3129 1778 3191 1143.
1813 3125 1882 3191 O.
1916 3127 1987 3191 R.
2027 3128 2214 3190 1417.
2264 3126 2333 3191 Ο.
2370 3127 2435 3190 O.
2485 3130 2632 3190 442.
2675 3127 2773 3190 Tr.
2810 3129 2955 3191 545.
3005 3127 3152 3192 Eur.

699 3217 837 3300 Iph.
872 3218 946 3279 A.
983 3217 1128 3279 655.
1174 3216 1244 3280 τὸ
1292 3221 1472 3298 σιγᾶν
1518 3218 1595 3280 οὐ
1643 3218 1876 3281 σθένω.
1920 3217 2066 3281 657.
2112 3216 2184 3280 τὸ
2229 3217 2437 3281 θέλειν
2485 3216 2541 3280 δ’
2580 3217 2701 3280 οὐκ
2748 3219 2918 3300 ἔχων
2964 3217 3152 3300 ἀλγύ-

699 3329 908 3388 νομαι.
955 3304 1053 3369 Fr.
1104 3307 1249 3369 613.
1295 3306 1486 3371 Thuc.
1532 3306 1615 3370 ΙΙ.
1666 3308 1767 3370 53.
1822 3306 1893 3371 τὸ
1946 3307 2066 3389 μὲν
2120 3306 2704 3389 προσταλαιπωρεῖν
2757 3315 2850 3389 τῷ
2906 3307 3155 3382 δόξαντι

700 3396 883 3479 καλῷ
928 3395 1135 3466 οὐδεὶς
1178 3395 1523 3480 πρόθυμος
1566 3396 1663 3479 ἧν.

882 3505 981 3568 79.
1028 3504 1137 3586 βίᾳ
1181 3501 1479 3587 πολιτῶν]
1529 3501 1615 3567 Cf.
1665 3505 1812 3568 907.
1862 3503 1932 3568 Ο.
1966 3502 2033 3567 O.
2083 3505 2228 3567 854.
2273 3504 2381 3586 βία
2427 3503 2647 3586 φίλων.

881 3593 983 3657 80.
1030 3593 1376 3678 προύχοιο]
1423 3593 1472 3656 Ι.
1523 3613 1572 3658 e.
1619 3593 2073 3676 προφασίζοιο,
2121 3598 2625 3676 praetexeres.
2771 3593 2977 3674 τάφον
3022 3596 3151 3676 χώ-

699 3682 912 3766 σουσ’]
970 3681 1056 3746 Cf.
1111 3684 1297 3747 1204.
1352 3683 1597 3765 τύμβον
1645 3720 1726 3728 -
1776 3683 2110 3764 χώσαντες.
2176 3683 2401 3745 Aesch.
2451 3681 2601 3746 Cho.
2652 3683 2798 3745 349.
2854 3682 3150 3765 πολύχω-

700 3796 845 3837 στον
891 3774 972 3836 ἂν
1017 3771 1175 3855 εἶχες
1220 3773 1440 3856 τάφον.
1504 3771 1656 3835 Eur.
1703 3771 1890 3836 Rhes.
1939 3773 2088 3836 414.
2154 3773 2215 3835 οἱ
2265 3772 2384 3854 μὲν
2439 3772 2507 3834 ἓν
2561 3777 2828 3854 χωστοῖς
2872 3773 3095 3853 τάφοις
3141 3771 3148 3860 Ι

699 3868 929 3926 κεῖνται
984 3861 1292 3932 πεσόντες.
1356 3861 1491 3945 Iph.
1540 3862 1615 3924 A.
1672 3863 1856 3924 1443.
1924 3863 2060 3925 ἐπεί
2116 3885 2228 3944 μοι
2291 3861 2532 3944 τύμβος
2596 3862 2673 3924 οὗ
2737 3862 3152 3944 χωσθήσεται.

700 3951 837 4034 Iph.
883 3951 946 4014 T.
983 3952 1127 4014 702.
1173 3952 1418 4034 τύμβον
1463 3956 1699 4034 χῶσον.
1747 3949 1962 4035 Suppl.
2009 3953 2109 4014 53.
2156 3952 2379 4032 τάφων
2425 3952 2710 4033 χώματα.
2758 3950 2992 4016 Herod.
3039 3951 3151 4016 IX.

702 4042 804 4104 85.
851 4041 1156 4112 ἑκάστους
1209 4042 1476 4124 χώματα
1533 4046 1740 4123 χῶσαι
1795 4043 1987 4106 κεινά.
2124 4041 2260 4104 τάδ’
2307 4042 2386 4104 ἂν
2431 4036 2779 4127 προύχοιο]
2841 4040 2947 4106 Sic
2993 4065 3149 4124 προ-

699 4129 1049 4213 βάλλεσθαί
1087 4153 1140 4193 τι
1185 4131 1378 4194 Arist.
1424 4128 1589 4194 Nub.
1642 4131 1787 4195 969.

880 4239 983 4301 82.
1029 4237 1453 4319 ὑπερδέδοικά
1500 4237 1652 4322 σου]
1711 4236 1800 4300 Cf.
1852 4237 2076 4303 Aesch.
2126 4236 2288 4320 Sept.
2338 4238 2484 4300 292.
2534 4237 2887 4319 δράκοντας
2931 4239 3026 4310 ὥς
3068 4264 3151 4310 τις

698 4328 940 4391 τέκνων
1003 4327 1454 4410 ὑπερδέδοικεν
1487 4363 1567 4373 -
1602 4327 1864 4398 πελειάς.
1921 4326 2129 4390 Prom.
2180 4327 2280 4389 66.
2329 4329 2400 4390 αἲ
2438 4330 2529 4401 αἲ,
2580 4327 2974 4411 Προμηθεῦ,
3022 4333 3150 4391 σῶν

699 4418 1062 4499 ὑπερστένω
1116 4417 1354 4481 πόνων.
1413 4417 1605 4480 Arist.
1660 4415 1818 4480 Bau.
1879 4417 2023 4480 308.
2100 4416 2200 4479 ὁδὶ
2267 4416 2336 4480 δὲ
2401 4418 2611 4487 δείσας
2656 4417 3152 4498 ὑπερεπυρρίασέ

697 4529 846 4590 μου.
924 4505 1027 4571 Sic
1075 4507 1537 4590 ὑπερθνήσκειν
1583 4530 1748 4576 τινος
1795 4504 1943 4570 Eur.
1993 4505 2227 4570 Phoen.
2279 4507 2424 4570 998.
2473 4505 2672 4570 Andr.
2720 4507 2867 4571 499.
2915 4513 3030 4570 ete.
