3463 5287
631 419 758 481 124
1599 468 1602 469 ν
1711 430 2007 483 Annaeum

623 598 842 668 πῶλος
905 599 1120 680 ὑγρῶς
1183 598 1457 681 κάμπτῃ.
1512 597 1664 661 ibid.
1720 599 1883 681 ὑγρὰ
1940 601 2098 674 ἕξειν
2162 599 2233 662 τὰ
2300 600 2508 683 σκέλη.
2576 598 2657 662 Χ.
2712 600 2809 662 16.
2858 601 3072 682 ὑγροῖν

628 687 698 751 δὲ
750 694 880 751 τοῖν
935 688 1179 751 σκελοῖν
1227 726 1310 733 -
1356 689 1608 769 φέρεται
1656 688 1714 769 (ὁ
1760 689 1989 769 ἵππος).
2056 688 2222 751 ch.
2271 687 2507 772 Cyneg.
2560 689 2634 751 V.
2684 692 2740 752 3.
2805 690 3077 771 λαγόνας

625 777 839 858 ὑγράς.
887 775 1036 839 Eur.
1083 775 1183 839 Fr.
1235 778 1379 859 941,
1428 779 1484 840 2.
1531 778 1753 859 ὑγραῖς
1799 779 1866 841 ἐν
1912 778 2231 859 ἀγκάλαις.
2288 778 2470 841 Pind.
2519 778 2588 841 P.
2636 778 2683 842 Ι.
2737 780 2835 843 17.
2882 779 3076 861 ὑγρὸς

623 871 840 936 νῶτος.
886 865 1145 929 Lucian.
1194 864 1341 928 Salt.
1391 868 1492 929 73.
1556 867 1827 949 ὑγρότης
1880 873 2010 931 τῶν
2053 868 2284 950 μελῶν.
2352 866 2503 932 Luc.
2552 870 2610 930 6.
2667 870 2706 950 ἡ
2758 868 2827 931 δὲ
2873 868 3078 950 ὀσφὺς

623 956 774 1037 ἡμῖν
818 956 1035 1037 ὑγρῶς
1081 956 1448 1018 ἑπικινεῖται.
1497 957 1555 1017 8.
1603 956 1827 1020 σκόπει
1873 957 2056 1027 ὅπως
2101 958 2382 1039 εὐχερῶς
2421 958 2528 1020 καὶ
2572 958 2788 1039 ὑγρῶς
2832 957 2906 1020 τὰ
2952 982 3074 1020 πα-

622 1045 928 1126 λαίσματα
976 1047 1157 1107 ἔσται.
1206 1044 1371 1108 Plut.
1395 1045 1549 1108 Mar.
1571 1047 1673 1107 28.
1721 1046 1967 1110 Aelian.
2017 1045 2395 1109 V.H.X1V.
2419 1050 2475 1110 7.
2524 1048 2581 1109 εἷ
2623 1047 2695 1110 δέ
2738 1071 2791 1109 τι
2837 1053 3076 1129 χαῦνον

623 1133 702 1217 ἦν
747 1135 959 1204 αὐτοῖς
1002 1139 1132 1197 τῶν
1174 1134 1389 1214 μελῶν
1436 1137 1474 1217 ἢ
1507 1135 1866 1217 ὑγρότερον.
1944 1136 2133 1221 Apud
2165 1134 2619 1219 Hippocratem
2665 1136 2826 1218 ὑγρὰ
2874 1137 3075 1199 κοιλία

624 1230 688 1286 et
730 1223 925 1305 ὑγρὸς
970 1224 1235 1287 κεῖσθαι.

807 1333 993 1393 1237.
1040 1331 1351 1412 παρθένῳ
1423 1332 1957 1415 προσπτύσσεται]
2044 1333 2133 1396 Cf.
2197 1333 2295 1395 Tr.
2356 1332 2500 1395 767.
2574 1332 3075 1414 προσπτύσσεται

621 1420 998 1502 πλευραῖσιν.
1064 1418 1215 1483 Eur.
1262 1419 1356 1482 El.
1410 1422 1597 1482 1247.
1663 1420 2008 1492 ῙῙαλλάδος
2054 1421 2287 1503 σεμνὸν
2339 1422 2564 1503 βρέτας
2606 1423 2615 1503 Ι
2654 1422 3074 1503 πρόσπτυξον.

629 1508 814 1573 1318.
879 1510 1285 1591 πρόσπτυξον
1349 1514 1556 1591 σῶμα.
1622 1509 1810 1573 Hom.
1860 1511 1974 1573 Od.
2025 1513 2082 1591 3,
2134 1513 2235 1574 22.
2299 1510 2584 1592 Μέντορ,
2650 1517 2792 1581 πῶς
2856 1513 2906 1574 τ’
2972 1514 3075 1594 ἄρ’

623 1600 729 1672 ἴω,
775 1604 918 1669 πῶς
962 1598 1013 1661 τ’
1060 1601 1143 1680 ἂρ
1183 1600 1667 1681 προσπτύξομαι
1723 1601 1949 1675 αὖτόν,·
2002 1603 2100 1681 11,
2133 1602 2280 1663 451.
2328 1601 2567 1682 πατέρα
2599 1602 3073 1683 προσπτύξεται.

807 1690 993 1751 1238.
1040 1693 1290 1770 φυσιῶν
1348 1688 1464 1772 -]
1542 1688 1632 1753 Cf.
1688 1690 1788 1771 Aj.
1850 1691 1992 1752 918.
2069 1690 2294 1754 Aesch.
2361 1690 2543 1752 Eum.
2601 1692 2747 1753 248.
2821 1691 3077 1762 πολλοῖς

625 1777 695 1841 δὲ
755 1778 1029 1860 μόχθοις
1093 1778 1490 1860 ἀνδροκμῆσι
1536 1787 1734 1860 φυσιᾷ
1775 1779 1784 1861 Ι
1825 1780 2198 1861 σπλάγχνον.
2273 1780 2392 1862 Ag.
2447 1780 2631 1842 1389.
2697 1780 3077 1861 κάκφυσιῶν

624 1868 832 1940 ὀξεῖαν
886 1868 1150 1949 αἵματος
1206 1867 1459 1949 σφαγὴν
1509 1867 1518 1949 Ι
1566 1868 1778 1949 βάλλει
1831 1869 1901 1949 μ’
1949 1869 2182 1951 ἐρεμνῇ
2230 1869 2475 1949 ψακάδι
2522 1870 2770 1950 φοινίας
2818 1869 3071 1951 δρόσου.

713 1956 943 2040 ὀξεῖαν]
1001 1957 1273 2041 Angliee
1331 1959 1408 2019 of
1457 1956 1714 2040 bright
1760 1957 2036 2021 colour.
2115 1956 2201 2019 Cf.
2252 1959 2440 2021 Arist.
2491 1958 2634 2021 Pac.
2691 1960 2878 2022 11T3.
2926 1983 3070 2041 φοι-

621 2045 804 2109 νικίδ’
850 2046 1059 2119 ὀξεῖαν
1103 2047 1289 2109 πάνυ.

805 2155 991 2216 1239.
1040 2154 1288 2235 φοινίου
1353 2153 1815 2237 σταλάγματος]
1884 2154 1974 2218 Cf.
2032 2153 2181 2217 Eur.
2238 2154 2394 2218 Hec,
2444 2156 2589 2217 241.
2654 2155 2863 2236 φόνου
2930 2179 3073 2219 στα-

620 2243 864 2324 λαγμοί.
916 2243 1139 2307 Aesch.
1191 2244 1408 2325 Agam.
1462 2245 1647 2306 1278.
1696 2246 1926 2326 φοινίῳ
1971 2245 2421 2327 προσφάγματι
2468 2245 2949 2326 (σταλάγματιΡ).

805 2332 991 2394 1240.
1041 2331 1129 2394 Cf.
1191 2332 1335 2395 Eur.
1397 2332 1628 2396 Phocn.
1688 2336 1833 2396 895.
1911 2334 2133 2396 πολλοὶ
2208 2334 2276 2397 δὲ
2340 2333 2553 2416 νεκροὶ
2621 2334 2764 2416 περὶ
2828 2341 3074 2417 νεκροῖς

619 2421 1036 2491 πεπτωκότες.

804 2530 991 2591 1243.
1041 2527 1126 2591 Cf.
1181 2530 1364 2592 1050.
1435 2530 1572 2611 ὅσῳ
1636 2531 1965 2612 κράτιστον
2028 2530 2368 2613 κτημάτων
2424 2530 2736 2613 εὐβουλία.
2874 2532 3067 2612 πρόσ-

621 2617 843 2702 κειται]
905 2618 996 2682 Cf.
1045 2618 1138 2680 ΕΙ.
1191 2620 1377 2683 1040.
1434 2621 1690 2703 εἴρηκας
1746 2620 1966 2702 ὀρθῶς
2012 2617 2073 2701 ᾦ
2120 2618 2196 2683 σὺ
2232 2619 2619 2702 πρόσκεισαι
2674 2628 2878 2703 κακῷ.
2928 2622 3072 2684 240.

622 2710 685 2771 εἴ
717 2732 809 2789 τῳ
854 2732 1233 2790 προσκειμαι
1297 2717 1568 2792 χρηστῷ.
1634 2708 1731 2772 Fr.
1782 2712 1883 2772 89.
1949 2713 2181 2791 βραχεῖ
2236 2710 2409 2791 λόγῳ
2464 2710 2569 2772 καὶ
2625 2710 2826 2773 πολλὰ
2874 2711 3071 2792 πρόσ-

620 2821 811 2860 κειται
857 2799 1047 2879 σοφά.
1109 2798 1255 2861 Eur.
1303 2797 1488 2863 RheS.
1540 2800 1685 2861 265.
1743 2799 1781 2881 ἦ
1830 2799 2010 2862 πόλλ’
2067 2800 2421 2881 ἀγρώσταις
2477 2800 2664 2862 σκαιὰ
2712 2800 3073 2882 πρόσκειται

620 2888 818 2969 φρενί.
866 2886 1097 2950 Herod.
1147 2887 1226 2949 11.
1260 2890 1361 2951 83.
1410 2888 1785 2969 ἀνθρώπων
1829 2888 1949 2970 μὲν
1995 2889 2204 2952 οὐδενὶ
2235 2890 2606 2970 προσκέεται
2654 2890 2693 2971 ἡ
2742 2890 2924 2972 τέχνη
2960 2895 3071 2953 ctc.

804 2993 970 3057 1246
1006 3014 1095 3076 sq.
1147 2994 1235 3057 Cf.
1284 2995 1511 3058 Aesch.
1550 2994 1653 3057 Pr.
1689 2997 1834 3058 518.
1882 2996 2125 3065 εὔελπίς
2172 2997 2294 3078 εἰμι
2341 2997 2544 3059 τῶνδέ
2589 2997 2647 3059 σ’
2696 2997 2767 3060 ἐκ
2817 2997 3074 3079 δεσμῶν

620 3084 703 3145 ἔτι
745 3081 753 3163 Ι
794 3083 1063 3146 λυθέντα
1113 3121 1222 3145 --.
1404 3085 1637 3148 ἐλπίσιν
1703 3084 1773 3148 δὲ
1817 3084 2169 3168 βόσκομαι]
2239 3085 2329 3148 Cf.
2378 3084 2476 3148 Fr.
2527 3086 2673 3149 687.
2731 3086 2903 3156 ἐλπὶς
2951 3086 3071 3168 γὰρ

620 3174 659 3254 ἡ
724 3172 1050 3254 βόσκουσα
1115 3172 1261 3243 τοὺς
1323 3173 1598 3244 πολλοὺς
1659 3175 1929 3256 βροτῶν.
2008 3175 2157 3237 Eur.
2214 3174 2443 3238 Bacch.
2503 3177 2648 3237 617.
2714 3176 2950 3239 ἐλπίσιν
3015 3176 3072 3238 δ’

620 3262 934 3342 ἐβόσκετο.
992 3262 1228 3325 Phocn.
1279 3264 1424 3325 396.
1482 3265 1547 3326 αῖ
1604 3263 1661 3326 δ’
1709 3264 1953 3334 ἐλπίδες
1996 3264 2305 3346 βόσκουσι
2351 3264 2672 3346 φυγάδας,
2729 3265 2822 3334 ὡς
2868 3265 3070 3346 λόγος.

625 3351 848 3416 Aesch.
897 3352 1016 3433 Ag.
1071 3352 1257 3414 1658.
1313 3351 1434 3416 οἶδ’
1483 3353 1611 3434 ἐγὼ
1668 3354 2018 3435 φεύγοντας
2064 3354 2303 3434 ἄνδρας
2351 3354 2604 3423 ἐλπίδας
2649 3355 3071 3435 σιτουμένους.

804 3441 991 3504 1247.
1040 3441 1128 3504 Cf.
1177 3440 1271 3503 El.
1321 3441 1466 3503 642.
1521 3442 1612 3525 μὴ
1651 3478 1731 3487 -
1768 3443 1986 3524 σπείρῃ
2043 3444 2314 3524 ματαίαν
2359 3443 2541 3524 βάξιν
2587 3444 2651 3514 ἐς
2695 3448 2908 3507 πᾶσαν
2954 3444 3071 3505 πό-

618 3530 727 3593 λιν.
777 3528 872 3592 Fr.
923 3532 1066 3593 592.
1114 3531 1204 3612 μὴ
1253 3537 1465 3611 σπεῖρε
1509 3532 1764 3601 πολλοῖς
1811 3531 1878 3609 (Ι.
1909 3531 1999 3613 μὴ
2035 3530 2235 3612 σπεῖρ’
2268 3533 2332 3602 ἐς
2363 3532 2619 3613 ἄλλους)
2650 3531 2759 3595 τὸν
2788 3533 3071 3614 παρόντα

621 3619 908 3701 δαίμονα.
959 3619 1028 3682 Ο.
1061 3618 1134 3682 R.
1185 3621 1285 3682 93.
1334 3621 1397 3690 ές
1443 3621 1682 3691 πάντας
1726 3621 1911 3683 αὔδα.

802 3710 987 3771 1248.
1038 3710 1158 3771 οῦκ
1214 3709 1529 3793 ἀξιώσειν]
1596 3708 1745 3773 Sub.
1792 3711 2141 3790 προθεῖναι.
2221 3709 2310 3773 Cf.
2369 3709 2463 3772 El.
2518 3713 2658 3773 172.
2725 3712 2845 3774 οὐκ
2911 3712 3083 3785 ἀξιοῖ

619 3804 910 3880 φανῆναι.
984 3800 1169 3862 1240.
1216 3799 1360 3861 τόδε
1404 3798 1523 3880 μὲν
1570 3801 1647 3862 οὔ
1693 3798 1835 3862 ποτ’
1883 3799 2141 3872 ἀξιώσω
2188 3801 2412 3881 τρέσαι.
2462 3800 2574 3863 Ph.
2624 3802 2771 3863 811.
2820 3802 2897 3863 οὗ
2942 3802 3073 3883 μήν

619 3886 676 3950 σ’
722 3887 990 3968 ἔνορκόν
1038 3887 1095 3969 γ’
1144 3888 1304 3960 ἀξιῶ
1350 3888 1599 3951 θέσθαι.

802 3996 987 4056 1249.
1034 3994 1412 4078 προθήσειν]
1472 3993 1563 4059 Cf.
1611 3995 1846 4060 Herod.
1897 3996 2005 4059 VI.
2056 3998 2156 4059 21.
2214 3996 2321 4059 καὶ
2374 3997 2614 4067 πένθος
2668 3999 2830 4079 μέγα
2877 4022 3069 4079 προε-

617 4083 919 4165 θήκαντο.
976 4082 1092 4146 ΙΧ.
1142 4086 1242 4146 24.
1298 4085 1541 4154 πένθος
1595 4086 1968 4168 ἐποιήσαντο
2016 4085 2385 4148 Μασιστίου.
2444 4085 2537 4148 ΕΙ.
2592 4087 2734 4149 108.
2792 4086 2892 4149 ἐπὶ
2936 4111 3070 4150 κω-

617 4180 794 4253 κυτῷ
839 4173 1039 4236 τῶνδε
1084 4173 1406 4256 πατρῴων
1447 4173 1456 4255 Ι
1495 4174 1625 4256 πρὸ
1671 4175 1899 4257 θυρῶν
1948 4175 2089 4258 ἠχὼ
2135 4180 2287 4238 πᾶσι
2332 4182 2715 4257 προφωνεῖν.

802 4262 987 4324 1250.
1038 4265 1299 4347 γνώμης
1373 4263 1494 4346 γὰρ
1570 4265 1690 4327 οὐκ
1768 4266 2028 4346 ἄπειρος
2078 4262 2194 4346 -—]
2245 4263 2335 4328 Cf.
2400 4266 2586 4327 1191.
2660 4271 2885 4330 κακῶν
2951 4266 3072 4348 γὰρ

619 4350 738 4413 οὐκ
785 4351 1059 4432 ἄπειρος.
1109 4354 1206 4436 Aj.
1260 4355 1445 4416 1106.
1503 4353 1652 4417 Eur.
1701 4354 1933 4417 Phoen.
1989 4354 2173 4416 1376.
2223 4355 2302 4418 οὗ
2347 4353 2605 4436 μακρὰν
2653 4354 2773 4437 γὰρ
2818 4357 3073 4437 τειχέων

616 4441 989 4523 περιπτυχαὶ
1031 4441 1039 4524 Ι
1080 4442 1230 4506 ὥστ’
1278 4444 1397 4525 οὐχ
1462 4444 1708 4506 ἅπαντά
1774 4442 1831 4506 σ’
1897 4444 2124 4508 εἰδέναι
2189 4443 2261 4506 τὰ
2330 4444 2649 4526 ὁρεύμενα.
2719 4444 2918 4508 Andr.
2967 4445 3068 4507 80.

619 4530 826 4612 γέρων
872 4531 1111 4602 ἐκεῖνος
1156 4532 1316 4596 ὥστε
1362 4532 1420 4597 σ’
1468 4533 1737 4616 ὠφελεῖν
1782 4534 2029 4616 παρών.
