3463 5287
1247 438 1496 483 onnu’us
1544 437 1845 482 commus
2643 418 2770 482 169

496 597 595 658 38.
644 596 735 661 Cf.
784 599 884 660 54.
952 599 1098 661 Ant.
1150 599 1293 661 738.
1357 598 1535 667 πόλις
1601 596 1721 679 γὰρ
1780 597 1900 660 οὐκ
1956 595 2096 659 ἔσθ’
2153 598 2282 679 ἥτις
2337 596 2573 679 ἀνδρός
2628 596 2767 661 ἐσθ’

310 686 471 756 ἑνός.
523 686 667 749 287.

498 776 598 838 39.
647 774 737 838 Cf.
786 776 948 839 Phil.
999 778 1054 838 2.
1101 778 1352 858 βροτοῖς
1397 776 1716 845 ἀστειπτος
1764 774 1905 838 οὐδ’
1954 777 2317 858 οἰκουμένη.

495 865 596 928 40.
645 863 733 927 Cf
787 865 928 928 104.
978 865 1071 929 ΕΙ.
1125 867 1266 927 112.
1315 866 1540 947 σεμναί
1579 888 1642 928 τε
1686 865 1865 928 θεῶν
1920 866 2140 935 παῖδες
2188 864 2481 946 Ἐρινύες.
2541 865 2767 929 Aesoh.

315 953 502 1018 Eum.
551 955 698 1017 416.
746 956 924 1036 ἡμεῖς
972 956 1093 1036 γάρ
1140 956 1326 1036 ἐσμεν
1372 953 1584 1017 Num*
1524 979 1629 1025 τος
1676 955 1900 1037 αῖανῆς
1944 956 2146 1061 τέκνα.
2197 956 2343 1017 321.

496 1045 598 1106 41.
648 1043 739 1108 Of.
791 1045 890 1107 68.
940 1042 1010 1106 Ο.
1044 1042 1113 1106 R.
1165 1044 1309 1106 561.
1356 1044 1452 1107 ΤΓ.
1506 1045 1693 1106 1154.

497 1135 599 1196 42.
649 1134 689 1196 ὅ
734 1133 790 1214 γ’
838 1133 1057 1197 ἐνθάδ’
1093 1170 1173 1178 -
1208 1131 1398 1218 λεώς]
1456 1133 1548 1197 Cf.
1600 1136 1699 1196 78.
1747 1139 1875 1204 τοῖς
1921 1132 2141 1197 ἐνθάδ’
2187 1134 2383 1197 αὐτοῦ
2432 1170 2513 1180 -
2565 1132 2767 1215 δημό-

312 1247 460 1293 ταις.
514 1223 657 1285 617.
705 1222 923 1285 τόπων
967 1228 1096 1286 τῶν
1142 1222 1380 1286 ἐνθάδ’.
1430 1223 1576 1286 Eur.
1610 1223 1761 1286 Her.
1799 1224 1944 1284 263.
1992 1228 2120 1285 τῶν
2160 1221 2384 1286 ἐνθάδ’
2417 1260 2498 1268 -
2533 1223 2769 1304 κύριος.

315 1312 472 1376 Plat.
522 1311 689 1375 Prot.
738 1331 794 1394 p.
846 1312 969 1375 327
1006 1310 1081 1373 D.
1145 1313 1257 1395 τὴν
1312 1317 1441 1375 τῶν
1498 1313 1733 1375 ἐνθάδε
1779 1313 2154 1392 ἀνθρώπων
2198 1312 2525 1394 πονηρίαν.
2663 1311 2773 1382 τὰς

312 1400 513 1463 πάνθ’
560 1399 849 1484 ὁρώσας]
916 1399 1004 1463 Cf.
1040 1402 1133 1484 Aj.
1170 1402 1315 1465 836.
1362 1402 1542 1465 καλῶ
1592 1402 1647 1465 δ’
1680 1401 1980 1483 ἀρωγοὺς
2025 1401 2133 1471 τὰς
2179 1401 2272 1464 ἀεὶ
2307 1426 2372 1464 τε
2401 1401 2772 1482 παρθένους

316 1490 439 1560 (ἀεί
462 1491 515 1552 τ’
548 1490 1007 1569 ἕπισκόπουςΡ)
1051 1490 1058 1571 Ι
1102 1491 1200 1553 ἀεί
1228 1492 1296 1553 θ’
1329 1492 1585 1572 ὁρώσας
1615 1491 1819 1553 πάντα
1852 1491 1964 1553 τάν
1993 1493 2245 1573 βροτοῖς
2274 1491 2455 1573 πάθη
2494 1488 2501 1576 Ι
2538 1488 2773 1572 σεμνὰς

304 1579 555 1661 Ἐρινῦς
602 1585 716 1643 eto.
763 1579 859 1642 Tr.
900 1582 1085 1641 1154.
1133 1578 1279 1650 τοὺς
1327 1581 1383 1642 δ’
1429 1583 1508 1642 ἂν
1553 1580 1623 1642 τὸ
1679 1579 1903 1662 Θήβης
1959 1581 2109 1642 ἄστυ
2174 1580 2460 1649 ναίοντας
2532 1580 2773 1662 μάθοις

314 1671 383 1747 (i.
434 1689 485 1732 e.
534 1670 584 1731 if
626 1689 757 1751 you
808 1688 971 1732 were
1020 1675 1080 1732 to
1129 1670 1435 1751 enquire).
1494 1669 1586 1731 ΕΙ.
1641 1670 1784 1731 113.
1921 1667 2312 1752 Εὐμενίδας]
2364 1667 2507 1731 Hoc
2553 1667 2773 1749 Sicyo-

317 1759 501 1820 nium
536 1756 793 1820 dearum
829 1778 1047 1821 earum
1084 1777 1312 1822 nomen
1360 1758 1504 1839 fuit,
1556 1757 1801 1840 Σεμναὶ
1848 1777 2077 1820 nomen
2129 1758 2430 1821 Atticum.
2512 1757 2771 1821 Utrum-

316 1867 441 1930 que
488 1848 622 1909 κατ’
671 1846 1090 1929 εὐφημισμόν.

495 1938 596 1998 43.
646 1934 761 2019 νιν]
832 1936 1121 1999 Pluralis.
1200 1936 1286 2000 Cf.
1348 1936 1493 2000 Eur.
1553 1936 1769 2021 Suppl.
1823 1938 2008 2000 1147.
2191 1936 2343 1999 ἄλλα
2403 1935 2460 1999 δ’
2511 1935 2627 2018 —l
2678 1934 2767 1999 cf.

318 2026 466 2088 Eur.
513 2025 702 2107 Hipp.
759 2027 896 2087 104.
962 2026 1235 2088 ἄλλοισιν
1298 2026 1484 2096 ἄλλος
1547 2027 1724 2089 θεῶν
1769 2051 1832 2090 τε
1877 2025 2297 2106 κάνθρώπων
2340 2025 2527 2107 μέλει.
2585 2025 2772 2089 Pind.

319 2115 386 2177 P.
438 2112 550 2177 III.
606 2115 746 2177 104.
793 2114 1011 2178 ἄλλοτε
1058 2114 1116 2177 δ’
1164 2114 1401 2178 ἀλλοῖαι
1446 2116 1636 2179 πνοαὶ
1682 2117 1993 2197 ὑψιπετᾶν
2039 2116 2312 2197 ἀνέμων.

494 2206 595 2266 44.
644 2203 775 2266 ἀλλ’
821 2204 968 2286 ἵλεῳ
1005 2204 1102 2287 ’μὲ
1138 2242 1218 2251 ——
1262 2202 1581 2287 δεξαίατο]
1632 2204 1720 2267 Cf.
1773 2205 1863 2267 ΕΙ.
1915 2204 2059 2268 387.
2108 2203 2240 2268 ἀλλ’
2289 2205 2551 2279 ἐξίκοιτο
2585 2242 2668 2251 -
2703 2206 2772 2268 ἓν

318 2293 506 2374 τάχει.
556 2292 702 2355 Eur.
750 2292 934 2357 RheS.
986 2294 1130 2355 216.
1188 2294 1321 2357 ἀλλ’
1368 2292 1438 2357 εὐ
1485 2297 1541 2357 σ’
1589 2294 1625 2357 ὁ
1672 2293 1891 2363 Μαίας
1945 2300 2092 2364 παῖς
2140 2332 2221 2340 ·—
2269 2296 2577 2376 πέμψειεν
2623 2292 2770 2375 Ἑρ-

314 2389 458 2464 μῆς.
517 2383 608 2464 Aj.
664 2382 847 2444 1009.
904 2382 942 2465 ἦ
991 2383 1118 2446 πού
1175 2407 1257 2465 με
1304 2421 1388 2428 —
1439 2382 1664 2456 δέξαιτ’
1713 2385 1792 2446 ἂν
1843 2421 1922 2428 -—
1971 2383 2169 2453 ἵλεως.
2229 2383 2323 2446 ΕΙ.
2380 2385 2564 2447 1376.
2612 2384 2775 2457 ἄναξ

304 2471 635 2544 Ἄπολλον,
683 2471 866 2541 ἵλεως
912 2473 1124 2535 αὐτοῖν
1170 2473 1336 2535 κλύε.
1387 2474 1530 2533 655.
1610 2472 1782 2535 Infra
1830 2473 1978 2534 486.
2036 2473 2105 2544 ἐξ
2160 2473 2447 2554 εὐμενῶν
2495 2474 2774 2553 στέρνων

318 2562 378 2635 (i.
430 2580 479 2624 e.
529 2560 827 2641 εὐμενεῖς)
895 2561 1191 2643 δέχεσθαι
1255 2561 1362 2624 τὸν
1426 2563 1632 2643 ἱκέτην
1697 2562 2025 2642 σωτήριον.
2100 2561 2267 2624 Xen.
2317 2560 2459 2641 Cyr.
2507 2561 2555 2624 I.
2607 2564 2662 2623 6.
2713 2563 2770 2623 2.

315 2652 407 2713 ὅτι
456 2651 517 2712 οἱ
568 2649 711 2713 θεοὶ
766 2651 913 2732 ἵλεῴ
969 2675 1031 2714 τε
1085 2652 1192 2714 καὶ
1248 2653 1524 2733 εὐμενεῖς
1578 2652 1904 2733 πέμπουσί
1955 2675 2023 2714 σε
2071 2688 2154 2695 -
2205 2652 2414 2734 δῆλον.
2475 2651 2553 2715 ΙΙ.
2609 2653 2662 2713 1.
2717 2652 2770 2714 1.

314 2740 819 2822 προσευξάμενοι
869 2740 1045 2809 θεοῖς
1100 2741 1205 2803 καὶ
1260 2743 1464 2822 ἥρωσι
1520 2747 1645 2811 τοῖς
1691 2739 1976 2821 Περσίδα
2020 2746 2137 2821 γῆν
2174 2741 2544 2822 κατέχουσιν
2590 2741 2773 2810 ἷλεως

315 2830 423 2893 καὶ
487 2830 765 2911 εὐμενεῖς
826 2829 1095 2911 πέμπειν
1159 2835 1351 2911 σφᾶς,
1418 2831 1587 2894 οὕτω
1655 2831 1969 2912 διέβαινον
2032 2828 2104 2891 τὰ
2171 2830 2332 2910 ὅρια.
2396 2828 2511 2894 ΙΙΙ.
2563 2831 2619 2890 3.
2669 2829 2771 2890 21.

315 2921 517 3002 ᾐτεῖτο
581 2918 764 2987 ἵλεως
827 2918 933 2981 καὶ
998 2918 1275 3000 εὐμενεῖς
1338 2920 1523 2990 ὄντας
1588 2919 1906 3001 ἡγεμόνας
1981 2919 2300 3000 γίγνεσθαι
2362 2925 2437 3001 τῇ
2502 2925 2772 3000 στρατιᾷ.

406 3007 514 3070 τὸν
560 3007 790 3092 ἱκέτην]
841 3006 927 3071 Cf.
978 3009 1123 3070 284.
1173 3008 1320 3071 487.

497 3097 598 3159 45.
647 3097 740 3167 ὡς
788 3097 1021 3181 -’γε]
1082 3097 1168 3161 cf.
1224 3098 1318 3181 Aj.
1369 3099 1512 3161 921.
1571 3098 1683 3160 Ph.
1733 3099 1879 3160 812.
1941 3097 2031 3160 El.
2083 3099 2183 3159 21.
2241 3097 2467 3160 Aesch.
2516 3097 2617 3161 Pr.
2670 3097 2769 3158 77.

322 3186 471 3249 Eur.
521 3185 614 3249 El.
664 3187 809 3249 896.
876 3186 973 3249 Fr.
1029 3188 1172 3270 135,
1221 3189 1278 3249 2.
1459 3187 1650 3267 ἔδρας
1696 3186 1816 3271 —]
1883 3184 1970 3249 Cf.
2022 3187 2123 3248 36.
2199 3187 2270 3249 ἐκ
2336 3186 2512 3269 τῆσδ’
2579 3186 2772 3268 ἕδρας

318 3277 551 3349 ἔξελθε.

497 3366 598 3428 46.
647 3364 955 3449 ξύνθημ’]
1019 3364 1068 3428 Ι.
1118 3384 1173 3447 q.
1224 3364 1561 3447 σύμβολον.
1641 3363 1847 3428 Schol.
1904 3365 2228 3446 σύμβολόν
2280 3388 2392 3446 μοι
2447 3370 2555 3446 τῆς
2611 3387 2769 3446 συμ-

316 3459 553 3536 φορᾶς,
608 3453 678 3518 τὸ
733 3456 1116 3537 καταντῆσαί
1163 3479 1245 3537 με
1301 3456 1385 3524 εἰς
1430 3453 1741 3536 Ἐρινύων
1795 3454 1980 3535 ἱερόν.
2069 3452 2159 3516 Cf.
2208 3453 2368 3517 Phil.
2417 3455 2564 3516 403.
2611 3454 2770 3535 σύμ-

316 3544 512 3626 βολον
558 3543 757 3625 σαφὲς
803 3543 1019 3626 λύπης.

496 3634 597 3695 47.
646 3631 732 3694 Cf.
790 3631 938 3695 Eur.
986 3633 1199 3716 Suppl.
1256 3634 1439 3696 1068.
1505 3633 1638 3694 ἀλλ’
1686 3634 1840 3696 οὐδέ
1900 3633 1997 3694 τοί
2046 3656 2145 3695 σοι
2200 3631 2492 3714 πείσομαι
2551 3631 2771 3714 δρώσῃ

316 3721 480 3784 τάδε.
533 3723 755 3785 Aesch.
805 3720 988 3785 Eum.
1038 3723 1185 3784 449.
1234 3722 1385 3784 οὐδὲ
1429 3722 1560 3803 μὴν
1615 3722 1755 3797 ἐμοὶ
1801 3723 1987 3803 θέμις
2033 3758 2118 3767 —
2169 3720 2425 3803 διαιρεῖν
2459 3758 2540 3767 -
2577 3720 2771 3790 δίκας.

498 3813 597 3873 48.
647 3811 887 3894 ἐνδείξῃ
945 3812 1003 3874 τί
1054 3810 1224 3895 δρῶ]
1301 3811 1392 3874 Cf,
1443 3811 1511 3873 ().
1546 3810 1617 3873 R.
1672 3813 1856 3874 1443.
1933 3812 2115 3893 ὅμως
2181 3811 2238 3874 δ’
2304 3811 2382 3872 ἵν’
2447 3812 2711 3892 ἕσταμεν
2762 3805 2769 3894 Ι

318 3900 531 3982 χρείας
578 3901 837 3982 ἄμεινον
884 3901 1189 3981 ἐκμαθεῖν
1236 3901 1292 3962 τί
1335 3901 1653 3981 δραστέον.

499 3989 600 4051 49.
647 3990 738 4071 μή
786 3988 856 4071 μ’
905 3989 1211 4072 ἀτιμάσῃς
1261 4028 1341 4036 -
1390 3987 1486 4053 ὧν
1542 4014 1611 4053 σε
1665 3990 2047 4070 προστρέπω
2105 3991 2361 4071 φράσαι.
2441 3989 2532 4053 Cf.
2587 3990 2773 4050 1273.

326 4078 511 4140 1278.
570 4077 639 4142 Ο.
673 4076 743 4140 R.
798 4079 940 4141 789.
1002 4080 1224 4142 Aesch.
1274 4080 1481 4142 Prom.
1534 4080 1674 4140 783.
1731 4078 1886 4160 μηδ’
1935 4079 2238 4161 ἀτιμάσῃς
2284 4079 2475 4159 λόγου
2526 4078 2777 4159 (λόγους

318 4167 619 4245 codices).
696 4165 860 4251 Sept.
916 4169 1102 4230 1021.
1169 4169 1389 4250 ἄτιμον
1455 4170 1752 4250 ἐκφορᾶς.
1824 4168 1973 4230 Eur.
2031 4168 2216 4232 Herc.
2267 4169 2411 4230 608.
2471 4169 2591 4231 οὐκ
2649 4168 2773 4230 ἀτι-

320 4257 512 4338 μάσω
555 4259 562 4335 Ι
604 4256 798 4327 θεοὺς
843 4263 1204 4337 προσειπεῖν
1250 4263 1473 4338 πρῶτα
1520 4257 1665 4326 τοὺς
1710 4256 1870 4319 κατὰ
1919 4257 2151 4338 στέγας.

502 4346 602 4409 50.
650 4346 1068 4431 προστρέπω]
1140 4346 1228 4410 Cf.
1279 4348 1376 4426 Aj.
1427 4348 1571 4408 83].
1618 4347 1886 4408 τοσαῦτά
1936 4347 2011 4418 o',
2060 4343 2117 4408 ὦ
2166 4344 2319 4418 Ζεῦ,
2376 4348 2775 4427 προστρέπω.

320 4432 470 4497 Eur.
520 4433 734 4518 Suppl.
777 4436 961 4499 1195.
1010 4441 1233 4505 κακῶς
1281 4436 1537 4499 ὀλέσθαι
1584 4433 1928 4517 πρόστρεπ’
1967 4435 2266 4516 Ἀργείων
2312 4436 2537 4517 χθόνα.
2586 4437 2773 4519 Soph.

322 4521 416 4586 Fr.
470 4525 617 4608 760,
666 4526 722 4588 3.
771 4527 839 4588 οἳ
875 4525 987 4609 τὴν
1034 4562 1120 4570 -
1160 4524 1603 4608 Ἐργάνηνγ-
1650 4526 2127 4608 προστρέπεσθε
2173 4526 2398 4606 (med).
