3463 5287
595 421 723 483 236
1517 438 1774 483 ommpus
1820 437 2122 482 commus

594 598 807 683 Suppl.
866 600 1048 661 1126.
1097 600 1318 681 γραίας
1364 598 1679 680 ἀμενοῦς).
1757 597 1904 659 Alia
1946 596 2152 661 forma
2196 597 2497 678 ἀκράτωρ
2544 602 2639 659 est
2683 595 2848 659 Phil.
2896 595 3043 658 486.

592 690 820 771 καίπερ
866 690 964 752 ῶν
1009 688 1312 769 ἀκράτωρ
1360 686 1742 769 (ἀκρατὴςΡ)
1789 687 1827 749 ό
1872 686 2130 768 τλήμων
2175 685 2402 768 χωλός.

778 779 963 841 1237.
1013 776 1099 841 Cf.
1149 775 1246 839 Fr.
1297 779 1441 840 502.
1489 776 1669 839 πάντ’
1736 776 2065 858 ἐμπέφυκε
2126 783 2220 855 τῷ
2280 783 2519 857 μακρῷ
2566 775 2731 857 γήρᾳ
2795 774 3043 856 (χρόνῳ

595 873 704 931 aut
764 868 961 950 βίῳΡ)
1026 868 1213 930 κακά.
1280 865 1432 929 Eur.
1482 865 1714 929 Phoen.
1768 866 1911 927 528.
1978 865 2097 947 οὐχ
2161 865 2405 927 ἅπαντα
2451 872 2543 945 τῷ
2599 865 2763 945 γήρᾳ
2809 862 2979 926 κακὰ
3031 860 3039 947 Ι

595 994 679 1003 —-
710 956 1054 1039 πρόσεστιν.
1113 959 1304 1020 Arist.
1352 955 1539 1039 Vesp.
1589 956 1737 1018 441.
1794 953 1918 1017 εἶτα
1968 954 2101 1037 δῆτ’
2149 954 2227 1017 οὗ
2272 952 2450 1016 πόλλ’
2497 954 2688 1016 ἔνεστι
2737 952 2906 1016 δεινὰ
2954 960 3044 1034 τῷ

594 1048 759 1129 γήρᾳ
804 1046 1008 1122 nand:

778 1154 964 1216 1238.
1011 1153 1182 1216 κακὰ
1247 1151 1495 1236 κακῶν]
1571 1150 1660 1216 Cf.
1709 1150 1804 1213 ΕΙ.
1854 1151 2001 1214 849.
2073 1148 2144 1213 Ο.
2177 1148 2249 1212 R.
2297 1150 2444 1213 465.
2510 1149 2622 1213 Ph.
2672 1149 2773 1211 65.
2847 1147 3042 1212 Diocl.

595 1263 689 1324 ap.
739 1242 915 1305 Phot„
964 1263 1020 1326 p.
1075 1244 1217 1324 124,
1270 1245 1366 1306 17.
1422 1242 1646 1304 πλυνεῖ
1681 1264 1745 1304 τε
1789 1239 1861 1303 τὰ
1918 1239 2088 1303 κακὰ
2135 1245 2263 1303 τῶν
2307 1244 2532 1302 κακῶν
2577 1240 2662 1316 (τε
2707 1236 2878 1301 κακὰ
2925 1261 3040 1300 κα-

593 1333 806 1413 κῶνΡ)
871 1332 1039 1414 ὑμᾶς
1104 1332 1302 1414 (ὑμᾶς
1366 1331 1549 1410 ἀεί’ἓ).
1628 1329 1912 1414 Append.
1974 1329 2156 1392 Prov.
2202 1328 2316 1392 III.
2367 1329 2469 1391 39.
2539 1326 2724 1391 Κακά
2790 1331 3041 1390 κακῶν;

592 1420 665 1485 τὰ
714 1419 1099 1503 ὗπερβολικά
1146 1422 1335 1484 κακά.

782 1529 963 1592 1239.
1012 1529 1132 1593 οὐκ
1180 1527 1308 1610 ἐγὼ
1352 1525 1584 1611 μόνος]
1634 1526 1723 1591 Cf.
1769 1526 1864 1588 El.
1915 1528 2060 1589 528.
2109 1523 2179 1588 Ο.
2212 1524 2282 1588 R.
2333 1524 2478 1587 850.
2529 1524 2674 1586 630.

780 1618 964 1681 1240.
1014 1618 1105 1681 Of.
1153 1617 1340 1680 Hom.
1390 1616 1503 1680 Od.
1562 1618 1667 1697 14,
1714 1617 1860 1679 270.
1917 1615 2059 1697 περὶ
2115 1613 2236 1696 γὰρ
2290 1612 2462 1676 κακὰ
2517 1613 2836 1677 πάντοθεν
2882 1614 3043 1695 ἔστη.

600 1707 664 1770 11.
720 1708 818 1789 13,
867 1708 968 1769 28.
1105 1707 1197 1777 ὡς
1244 1743 1328 1752 -
1376 1708 1470 1776 ὣς
1519 1705 1634 1789 -]
1684 1703 1772 1767 Cf.
1822 1704 1892 1769 Ο.
1926 1703 1996 1768 R.
2047 1705 2193 1767 848.
2241 1703 2335 1773 ὡς
2385 1739 2464 1747 -—
2512 1699 2660 1765 ὧδε.
2706 1701 2803 1764 Tr.
2858 1703 3043 1764 1162.

598 1797 687 1867 ὡς
735 1835 819 1843 -
867 1796 1086 1865 οὕτως.
1270 1795 1362 1865 ὥς
1413 1820 1502 1866 τις
1565 1793 1723 1857 ἀκτὰ
1775 1793 1891 1878 —J
1960 1792 2051 1856 Cf.
2102 1791 2286 1856 Hom.
2336 1792 2405 1855 ΙΙ.
2456 1794 2522 1872 2,
2574 1792 2719 1855 394.
2787 1791 2880 1861 ὥς
2944 1791 3046 1853 ὅτε

598 1892 769 1968 κῦμα
810 1888 820 1966 Ι
861 1885 1021 1967 ἀκτῇ
1077 1886 1178 1967 ἐφ’
1234 1885 1478 1968 ὓψηλῇ,
1536 1886 1637 1948 ὅτε
1690 1884 1915 1966 κινήσῃ
1973 1883 2154 1952 νότος
2211 1881 2440 1953 ἐλθὼν,
2482 1882 2492 1963 Ι
2531 1880 2837 1963 προβλῆτι
2893 1903 3044 1943 σκο-

592 1976 794 2057 πέλῳ·
842 1974 950 2038 τὸν
998 1974 1056 2037 δ’
1105 1976 1336 2039 οὔποτε
1381 1975 1633 2057 κύματα
1680 1973 1871 2036 λείπει
1911 1976 1920 2053 Ι
1959 1971 2277 2035 παντοίων
2323 1971 2598 2052 ἀνέμων,
2647 1969 2735 2032 ὅτ’
2782 1971 2862 2032 ἂν
2906 1969 3045 2033 ἔνθ’

594 2067 634 2147 ἢ
682 2066 840 2128 ἔνθα
889 2065 1204 2145 γένωνται.
1252 2071 1315 2128 et
1360 2063 1439 2126 ad
1484 2063 1702 2127 Trach.
1760 2062 1881 2124 112
1915 2080 2005 2143 sq.

779 2155 963 2217 1241.
1011 2152 1347 2237 κλονεῖται]
1397 2150 1485 2215 Of.
1533 2151 1715 2217 Pind.
1767 2151 1831 2215 P.
1873 2149 1987 2214 IX.
2022 2152 2123 2214 48.
2171 2149 2472 2232 ψάμαθοι
2517 2149 2792 2230 κύμασιν
2838 2149 3048 2230 ῥιπαῖς

598 2241 644 2305 τ’
691 2244 947 2325 ἀνέμων
991 2243 1368 2306 κλονέονται.

782 2351 964 2412 1242.
1013 2352 1106 2421 ὣς
1151 2349 1258 2413 καὶ
1301 2347 1515 2432 τόνδε]
1574 2348 1665 2412 Cf.
1715 2347 1809 2411 El.
1861 2350 1961 2411 65.
2019 2350 2113 2417 ὣς
2157 2346 2313 2428 κᾶμ’
2359 2346 2625 2428 ἐπαυχῶ
2670 2345 2795 2409 κτλ.
2860 2347 3045 2409 1085.

597 2442 690 2509 ῶς
735 2440 842 2503 καὶ
887 2439 964 2503 σὺ
1019 2477 1094 2485 —-
1145 2439 1330 2503 εἵλου.
1398 2439 1588 2501 Arist.
1638 2437 1783 2520 LyS.
1833 2438 1979 2500 804.
2045 2438 2138 2506 ὣς
2195 2435 2263 2500 δὲ
2319 2436 2425 2499 καὶ
2478 2435 2804 2517 Φορμίων.
2885 2434 3047 2497 Con-

596 2529 858 2593 structio
906 2529 1009 2592 hic
1055 2527 1268 2592 subito
1317 2534 1623 2611 mutatur,
1677 2528 1989 2592 sententia
2044 2527 2215 2590 enim
2273 2532 2564 2608 coeperat
2617 2524 2831 2588 verbis
2877 2524 2942 2587 ἐν
2989 2521 3047 2605 ᾦ

594 2618 851 2702 τλάμων
896 2618 1013 2683 ὅδ’.

781 2710 967 2772 1243.
1015 2707 1464 2791 κυματοαγεῖς]
1514 2708 1685 2771 Hinc
1733 2706 1890 2788 ἀκτὴ
1940 2705 2090 2786 (ἀπὸ
2130 2711 2242 2770 τοῦ
2274 2705 2587 2786 ἅγνυσθαι
2633 2703 2706 2767 τὰ
2753 2704 3045 2786 κύματα).

597 2798 686 2863 Cf.
720 2799 863 2862 Ant.
888 2800 1033 2861 592.
1080 2798 1562 2879 κυματοπλῆγες
1608 2796 1806 2859 ἀκταί.
1858 2795 2089 2859 Herod.
2124 2794 2231 2858 IV.
2270 2794 2413 2856 196.
2459 2793 2633 2875 παρὰ
2681 2792 2793 2875 τὴν
2838 2816 3046 2874 κυμα-

595 2889 806 2970 τωγήν
853 2887 987 2967 (‘ad
1024 2885 1227 2968 litus’,
1275 2907 1311 2948 a
1359 2884 1575 2948 ‘lido’
1622 2884 1947 2964 ‘laedo').
2001 2885 2223 2948 Aesoh.
2258 2883 2359 2947 Pr.
2396 2884 2539 2946 911.
2573 2883 2849 2964 κύμασιν
2879 2883 3046 2964 ἄτης.

785 2995 948 3058 1245
983 3014 1072 3076 sq.
1122 2992 1211 3056 Cf.
1259 2992 1425 3056 Xen.
1474 2992 1619 3075 Cyr.
1667 2993 1713 3056 I.
1771 2993 1821 3054 l.
1873 2994 1928 3055 5.
1997 2993 2073 3074 ἤν
2136 3015 2199 3054 τε
2243 2989 2407 3073 πρὸς
2453 2990 2580 3071 ἠὼ,
2645 2991 2725 3072 ἤν
2778 3014 2841 3053 τε
2886 2988 3050 3070 πρὸς

598 3085 869 3166 ἑσπέραν
916 3083 972 3164 (Ι.
1022 3084 1340 3164 ἕσπερον),
1387 3084 1466 3163 ἤν
1510 3107 1574 3145 τε
1618 3082 1783 3164 πρὸς
1829 3082 2081 3163 ἄρκτον,
2130 3082 2207 3163 ῆν
2252 3104 2315 3143 τε
2360 3079 2524 3161 πρὸς
2568 3080 2982 3162 μεσημβρίαν.

782 3174 967 3236 1245.
1017 3173 1225 3235 ἀελίου
1275 3172 1545 3256 δυσμᾶν]
1595 3171 1683 3236 Cf.
1718 3172 1874 3234 Plat.
1911 3169 2136 3233 Phaed.
2172 3172 2228 3232 5.
2273 3171 2494 3251 μέχρις
2541 3168 2718 3250 ἡλίου
2767 3168 3047 3249 δυσμῶν.

602 3263 702 3325 68.
751 3261 830 3344 ἦν
885 3261 1069 3344 ἐγγὺς
1134 3262 1312 3344 ἡλίου
1381 3261 1661 3344 δυσμῶν.
1730 3259 1951 3342 Polyb.
2001 3258 2079 3323 II.
2135 3261 2231 3321 14.
2296 3258 2459 3340 πρὸς
2522 3258 2923 3339 μεσημβρίαν
2988 3280 3050 3319 τε

599 3351 706 3415 καὶ
756 3350 1230 3433 δυσμάς..Χθ[ι.
1282 3349 1482 3414 Anab.
1532 3349 1707 3413 VIII.
1760 3351 1815 3412 3.
1868 3351 1968 3411 34.
2026 3349 2119 3419 ῶς
2167 3348 2223 3411 δ’
2272 3347 2351 3431 ἦν
2397 3347 2571 3429 ἥλιος
2617 3346 2716 3409 ἐπὶ
2766 3347 3048 3427 δυσμαῖς.

603 3441 757 3505 Plat.
792 3440 979 3522 Legg.
1014 3461 1069 3523 p.
1103 3440 1249 3502 867.
1297 3441 1477 3522 ἡμεῖς
1525 3440 1582 3503 δ’
1630 3440 1698 3503 ἐν
1746 3440 2015 3521 δυσμαῖς
2059 3444 2171 3501 τοῦ
2217 3439 2378 3520 βίου.
2430 3436 2652 3500 Aesch.
2703 3434 2868 3498 Pers,
2902 3435 3048 3498 237.

599 3531 742 3614 τῆλε
786 3530 950 3611 πρὸς
998 3529 1292 3610 δυσμαῖς,
1350 3529 1620 3598 ἄνακτος
1676 3529 1855 3611 ἡλίου
1903 3528 2350 3609 φθινάσμασιν.
2411 3525 2592 3588 Pind.
2640 3525 2791 3587 Isth.
2842 3525 2900 3601 3,
2947 3525 3049 3586 83.

599 3621 666 3683 ἐν
714 3619 1044 3701 δυσμαῖσιν
1099 3619 1317 3700 αὐγᾶν.
1397 3619 1630 3683 Confer
1684 3618 1994 3680 ἀνατολαί.
2075 3616 2347 3679 Pluralis
2404 3616 2588 3697 hujus
2647 3613 2926 3676 nominis
2984 3618 3054 3676 ut

601 3716 664 3773 et
707 3710 987 3772 nominis
1033 3708 1333 3771 ἀνατολαί
1373 3708 1515 3772 ideo
1564 3708 1857 3789 usurpari
1919 3707 2168 3771 videtur
2224 3706 2372 3787 quia
2427 3704 2519 3767 sol
2569 3705 2836 3767 diversis
2885 3702 3052 3766 horis

601 3798 948 3862 secundum
1007 3799 1154 3861 anni
1217 3803 1645 3880 tempestatem
1696 3797 1899 3860 oritur
1944 3802 2006 3859 et
2052 3795 2300 3859 occidit.

785 3906 969 3968 1246.
1019 3903 1106 3968 Cf.
1150 3905 1245 3968 Fr.
1281 3906 1427 3968 862.
1476 3903 1645 3974 ἐλπὶς
1692 3903 1814 3985 γὰρ
1860 3905 1899 3984 ἡ
1940 3903 2268 3984 βόσκουσα
2299 3901 2446 3971 τοὺς
2475 3899 2750 3970 πολλοὺς
2779 3900 3051 3982 βροτῶν.

789 3996 969 4057 1247.
1016 3994 1256 4075 μέσσαν
1303 3993 1553 4077 ἀκτῖνα]
1618 3992 1666 4055 Ι.
1717 4012 1767 4057 e.
1832 3993 2250 4074 μεσημβρίαν,
2328 3991 2734 4053 meridiem.
2813 3987 2903 4052 Cf.
2953 3986 3050 4050 Fr.

605 4086 763 4162 235,
813 4085 868 4145 5.
916 4083 1092 4166 ἦμαρ
1142 4120 1222 4128 -
1270 4084 1527 4164 μέσσον.
1576 4081 1724 4145 Eur.
1761 4081 1893 4146 Ion.
1936 4081 2119 4144 1140.
2169 4082 2311 4144 οὔτε
2356 4079 2519 4160 πρὸς
2564 4080 2764 4161 μέσας
2807 4073 3047 4161 βολάςΙ

601 4173 849 4242 ἀκτῖνος
898 4173 1027 4235 οὔτ’
1075 4169 1156 4235 αὗ
1202 4172 1367 4253 πρὸς
1412 4172 1807 4241 τελευτώσας.
1864 4169 2052 4234 Herc.
2102 4171 2247 4232 403.
2305 4170 2584 4249 οὐρανοῦ
2640 4167 2769 4231 ὑπὸ
2813 4167 3054 4248 μέσσαν

602 4262 810 4343 ἕδραν.
860 4261 1099 4325 Gallim.
1148 4261 1228 4324 H.
1276 4260 1411 4325 Del.
1463 4262 1608 4324 279.
1673 4265 1869 4323 πᾶσαι
1936 4259 2005 4322 δὲ
2069 4257 2305 4341 χοροὺς
2361 4258 2664 4338 ἀνάγουσι
2728 4256 2988 4337 πολῆες,
3041 4251 3048 4339 Ι

603 4352 678 4412 αἵ
719 4375 783 4414 τε
835 4349 998 4431 πρὸς
1072 4351 1271 4433 ἠοίην,
1346 4352 1422 4413 αἶ’
1467 4352 1532 4414 θ’
1599 4350 1883 4429 ἕσπερον,
1950 4350 2025 4411 αἶ’
2075 4351 2123 4411 τ’
2190 4346 2327 4410 ἀνὰ
2392 4345 2725 4429 μέσσηνΙ
2775 4345 3054 4427 κλήρους

603 4440 953 4520 ἐστήσαντο.
1019 4438 1182 4502 Xen.
1233 4438 1376 4522 Cyr.
1424 4440 1472 4502 I.
1534 4440 1579 4501 1.
1631 4441 1686 4500 5.
1735 4440 1813 4522 ἥν
1858 4461 1922 4502 τε
1966 4437 2130 4521 πρὸς
2176 4438 2303 4519 ἤω,
2360 4438 2438 4518 ἤν
2483 4460 2547 4498 τε
2591 4434 2754 4518 πρὸς
2800 4435 3052 4516 ἄρκτον,

603 4530 682 4614 ἤν
727 4552 789 4592 τε
833 4527 995 4611 πρὸς
1038 4529 1455 4613 μεσημβρίαν.
