3463 5287
631 399 716 461 88
1713 413 2009 460 mrmonn

731 610 737 616 ·
813 576 956 638 748.
1007 574 1095 639 Cf.
1146 573 1215 638 Ο.
1248 572 1320 636 R.
1375 575 1561 637 1440.
1609 573 1743 637 ἀλλ’
1792 575 1834 657 ἥ
1881 574 1938 655 γ’
1986 574 2229 636 ἐκείνου
2275 572 2428 637 πᾶσ’
2476 571 2777 655 ἐδηλώθη
2827 573 3026 654 φάτις.

813 665 957 728 750.
1005 664 1125 729 οὐκ
1173 665 1334 728 ἔστιν
1380 664 1474 729 ὥς
1523 662 1639 747 --]
1690 661 1780 726 Cf.
1829 663 1909 726 ad
1958 662 2116 726 Phil.
2156 662 2297 726 196.
2346 662 2467 727 οὐκ
2514 663 2675 725 ἔστιν
2719 661 2814 731 ὡς
2861 662 2937 725 οὗ
2974 698 3090 723 -.

532 823 538 827 ,
629 752 728 818 De
772 753 1040 818 ποτὲ-
1074 755 1198 817 ἔστι
1243 754 1316 817 ef.
1366 754 1445 817 ad
1479 751 1549 816 O.
1583 752 1654 817 R.
1689 753 1835 816 892.
1894 752 2012 830 QU.
2059 752 2179 816 οὐκ
2226 752 2363 816 ἔσθ’
2410 751 2593 822 ὅπως
2640 751 2717 814 οὗ
2764 751 2942 814 ’θεῶν
2973 787 3093 813 -.

812 845 958 907 751.
1004 844 1044 926 ἡ
1096 843 1153 907 δ’
1201 840 1317 907 οὖν
1362 842 1672 926 θανεῖται]
1723 841 1817 906 Cf.
1866 842 1936 905 Ο.
1969 842 2040 906 R.
2075 841 2221 903 669.
2270 841 2307 905 ὁ
2356 841 2412 905 δ’
2461 838 2577 904 οὖν
2623 842 2750 903 ἴτω.
2798 841 2898 922 Aj.
2934 840 3091 903 961.

634 934 695 998 οἱ
741 933 800 996 δ’
847 930 963 997 οὖν
1010 933 1356 1014 γελώντων.
1420 932 1517 995 Tr.
1567 933 1712 995 329.
1761 932 1800 1013 ἥ
1853 930 1910 995 δ’
1958 928 2073 994 οὖν
2130 930 2368 994 ἐάσθω.
2437 930 2662 995 Aesch.
2712 927 2894 993 Eum.
2944 931 3090 992 847.

638 1021 715 1086 σὺ
766 1022 823 1086 δ’
870 1020 988 1086 οὖν
1034 1024 1246 1094 μένοις
1292 1022 1370 1084 ἄν
1417 1022 1486 1104 (i.
1538 1041 1594 1104 q.
1640 1023 1885 1103 μενεῖς).
1935 1018 2098 1103 Sept.
2149 1020 2295 1082 402.
2344 1019 2495 1084 Cho.
2546 1020 2648 1082 52.
2696 1019 2889 1083 Arist.
2935 1018 3092 1082 Rau.

638 1113 782 1175 552.
834 1113 980 1174 554.
1029 1111 1174 1175 606.
1224 1111 1370 1174 628.
1553 1110 1823 1174 θανοῦσ’
1872 1109 2007 1173 δλεῖ
2043 1109 2212 1194 τινά]
2271 1108 2358 1173 Cf.
2407 1111 2506 1192 Aj.
2560 1109 2746 1172 1138.
2794 1108 2960 1171 τοῦτ’
3008 1108 3096 1178 εἷς

637 1201 819 1265 ἀνίαν
881 1202 1119 1271 τοῦπος
1182 1202 1431 1283 ἔρχεταί
1490 1224 1616 1263 τινι.
1682 1199 1777 1263 ΕΙ.
1827 1200 1973 1262 808.
2044 1197 2189 1262 Eur.
2236 1199 2371 1282 Iph.
2418 1198 2482 1261 T.
2534 1199 2679 1262 548.
2745 1197 2998 1281 τέθνηχ’
3055 1198 3094 1261 ὁ

633 1291 910 1374 τλήμων,
957 1288 1122 1372 πρὸς
1169 1290 1227 1354 δ’
1277 1289 1470 1372 (πρός
1514 1288 1641 1371 τῬ)
1686 1289 2012 1353 ἀπώλεσέν
2058 1311 2207 1351 τινα.

821 1381 965 1443 752.
1013 1378 1052 1462 ἦ
1101 1378 1516 1443 κάπαπειλῶν
1565 1378 1713 1461 -,·]
1765 1378 1856 1443 Cf.
1906 1378 1983 1440 ad
2032 1377 2175 1441 770.
2310 1376 2747 1461 κάπαπειλῶν]
2796 1375 2842 1439 Ι.
2891 1397 2943 1441 e.
2988 1376 3098 1440 καὶ

639 1470 1014 1535 ἐπαπειλῶν.
1093 1468 1180 1532 Cf.
1229 1467 1322 1531 El.
1361 1469 1504 1532 779.
1556 1468 1704 1532 δείν’
1752 1468 2069 1550 ἐπηπείλει
2114 1467 2319 1530 τελεῖν.
2379 1468 2524 1530 408.
2578 1468 2672 1549 Aj.
2709 1466 2854 1530 312.
2906 1467 3095 1529 Arist.

638 1559 827 1642 Vesp.
877 1558 1024 1621 670.
1072 1558 1563 1628 ἐπαπειλοῦντες.
1638 1558 1754 1620 Av.
1804 1557 1949 1621 630.
2015 1557 2416 1639 ἐπηπείλησα.
2598 1552 2945 1641 ἐπεξέρχει]
3003 1552 3096 1617 Cf.

637 1648 829 1712 Thue.
861 1647 974 1711 III.
1010 1648 1113 1711 40.
1148 1648 1204 1709 5.
1250 1647 1516 1729 μάλιστα
1566 1646 1636 1710 δὲ
1682 1648 1745 1710 οἱ
1787 1646 1878 1730 μὴ
1913 1645 2028 1720 ξὺν
2057 1646 2375 1729 προφάσει
2420 1645 2552 1709 τινὰ
2584 1650 2808 1716 κακῶς
2837 1650 3097 1709 ποιοῦν-

637 1761 735 1809 τες
780 1736 1230 1819 ἐπεξέρχονται.

822 1827 966 1889 754.
1012 1825 1254 1910 κλάων]
1304 1821 1781 1908 Cum‘magno
1816 1826 2009 1889 malo
2058 1832 2200 1889 tuo.
2259 1824 2529 1907 Anglice
2578 1829 2649 1887 to
2681 1843 2876 1907 your
2920 1829 3098 1888 eost.

643 1914 733 1980 Cf.
782 1914 852 1980 Ο.
886 1914 958 1979 Β.
1006 1916 1155 1979 401.
1207 1916 1394 1978 1152.
1560 1914 1943 1998 φρενώσεις]
2002 1914 2091 1978 Cf.
2145 1915 2370 1978 Aesch.
2431 1913 2636 1978 Prom.
2688 1915 2833 1976 335.
2879 1913 3101 1995 πολλῷ

642 2005 699 2087 γ’
747 2005 1027 2087 ἀμείνων
1089 2003 1236 2075 τοὺς
1298 2004 1493 2074 πέλας
1547 2010 1827 2087 φρενοῦν
1890 2005 2049 2087 ἔφυς
2090 2003 2098 2087 Ι
2139 2006 2179 2086 ἢ
2227 2002 2472 2067 σαυτόν.
2532 2007 2648 2086 Ag.
2704 2003 2890 2066 1183.
2949 2001 3098 2066 Cho.

647 2092 790 2156 116.
839 2093 1065 2156 Bacch.
1101 2094 1246 2156 792.
1292 2092 1427 2157 Ion.
1463 2094 1608 2156 526.
1688 2092 1923 2158 Confer
1969 2113 2024 2155 v.
2057 2094 2393 2157 νουθετεῖν.
2530 2091 2910 2176 φρενώσεις]
2957 2092 3005 2155 Ι.
3040 2110 3099 2174 q.

642 2182 1059 2265 νουθετήσεις.
1137 2180 1223 2245 Of.
1269 2182 1366 2246 Tr.
1417 2184 1516 2246 52.

826 2272 971 2334 755.
1018 2270 1197 2335 εἷπον
1242 2272 1321 2335 ἄν
1354 2271 1472 2356 -—]
1519 2270 1566 2334 Ι.
1616 2291 1666 2335 e.
1716 2272 2102 2335 dixissem.
2153 2270 2384 2354 εἴποιμ’
2432 2273 2512 2335 ἂν
2558 2269 2940 2355 significaret
2987 2270 3101 2333 di-

644 2379 906 2425 cerem.
986 2359 1073 2424 Cf.
1123 2359 1280 2425 Plat.
1326 2359 1678 2444 Euthyphr.
1725 2381 1784 2444 p.
1839 2363 1917 2424 12
1952 2360 2025 2425 D.
2073 2362 2131 2424 εἰ
2170 2361 2288 2444 μὲν
2335 2359 2450 2424 οὖν
2498 2362 2575 2424 σύ
2621 2384 2703 2443 με
2750 2361 3001 2443 ἠρώτας
3045 2384 3100 2424 τι

644 2455 773 2514 τῶν
827 2456 942 2514 νῦν
990 2449 1069 2532 δὴ
1121 2486 1201 2496 -
1250 2448 1465 2514 εἷπον
1510 2452 1599 2514 ἂν
1644 2451 1737 2514 ὅτι
1782 2455 1897 2513 ete.
1953 2470 2011 2533 p.
2060 2451 2188 2512 453
2225 2448 2288 2513 C.
2335 2452 2458 2513 κᾶν
2504 2452 2562 2513 εἰ
2603 2451 3103 2533 ἐπιχειρήσαντες

652 2540 1051 2622 δημοσιεύειν
1096 2540 1590 2623 παραναλοῢμεν
1637 2539 1972 2623 ἀλλήλους,
2020 2540 2113 2610 ώς
2167 2540 2373 2603 ἱκανοὶ
2418 2539 2619 2621 ἰατροὶ
2664 2540 2863 2612 ὄντες,
2930 2540 3099 2603 ἐπε-

646 2629 1106 2712 σκεψάμεθα
1156 2630 1366 2713 δήπου
1413 2632 1501 2694 ἂν
1547 2630 1677 2712 ἐγώ
1722 2654 1786 2693 τε
1832 2629 1900 2693 σὲ
1946 2628 2053 2692 καὶ
2099 2628 2176 2692 σὺ
2224 2630 2352 2710 ἐμέ.

829 2720 974 2782 756.
1023 2718 1377 2803 δούλευμα]
1427 2718 1514 2783 Cf.
1558 2720 1628 2783 Ο.
1651 2717 1721 2781 R.
1757 2721 1859 2783 85.
1906 2719 2216 2801 κήδευμα.
2265 2719 2412 2784 Eur.
2449 2719 2682 2783 Phoen.
2722 2719 2909 2782 1506.
2958 2720 3101 2801 ἁγε-

646 2809 940 2892 μόνευμα
987 2814 1276 2891 νεκροῖσι.
1456 2808 1547 2892 μὴ
1597 2809 1859 2872 κώτιλλέ
1901 2808 2015 2893 μεζ]
2076 2806 2161 2871 Of.
2208 2808 2484 2892 Theogn.
2535 2809 2682 2872 363.
2729 2806 2799 2872 εὖ
2845 2809 3105 2873 κώτιλλε

646 2896 756 2962 τὸν
801 2899 833 2962 ἐ
874 2898 923 2960 θ
966 2897 1057 2961 όν.

830 2921 974 3051 757).
1024 2986 1115 3052 Cf.
1164 2986 1312 3050 Eur.
1356 2986 1507 3051 Her.
1546 2989 1731 3051 1014.
1780 2988 1824 3050 ἅ
1871 2986 1926 3069 γ’
1974 2986 2152 3058 εἶπας
2199 2987 2594 3070 ἀντήκουσας
2639 2987 2921 3068 (Elmsl.).
2970 2988 3104 3052 Alc.

655 3076 799 3139 701.
865 3077 924 3139 εἷ
964 3075 1022 3139 δ’
1069 3078 1241 3159 ἡμᾶς
1304 3082 1527 3147 κακῶς
1565 3077 1575 3158 Ι
1616 3077 1802 3159 ἐρεῖς,
1868 3077 2124 3140 ἀκούσει
2189 3077 2389 3140 πολλὰ
2454 3078 2577 3140 κού
2641 3077 2855 3160 ψευδῆ
2917 3077 3105 3141 κακά.

651 3164 838 3229 Hom.
885 3165 957 3228 Il.
1007 3166 1110 3243 20,
1159 3166 1304 3229 250.
1353 3165 1627 3229 ὅπποιον
1673 3167 1941 3249 εἴρησθα
1989 3167 2168 3239 ἔπος,
2216 3167 2384 3230 τοῖόν
2429 3165 2491 3229 κ’
2533 3167 2920 3238 ἐπακούσαις
2966 3167 3105 3251 (leg.

651 3278 763 3318 κεν
808 3255 1150 3335 ἀκούσαις).
1215 3252 1476 3318 Hesiod.
1525 3254 1638 3339 Op.
1689 3258 1834 3320 719.
1899 3257 1957 3319 εἰ
2017 3255 2085 3320 δὲ
2130 3256 2337 3319 κακὸν
2383 3258 2607 3329 εἴποις,
2670 3257 2827 3338 τάχα
2873 3256 3108 3326 καύτὸς

650 3345 872 3426 μεῖζαν
918 3344 1238 3414 ἀκούσαις.
1288 3343 1359 3409 Ο.
1407 3342 1478 3408 R.
1528 3346 1673 3408 544.

836 3434 979 3496 758.
1027 3432 1160 3497 ἀλλ’
1217 3435 1295 3497 οὗ
1350 3433 1518 3498 τόνδ’
1569 3433 1907 3518 Ὄλυμπον
1957 3434 2072 3519 -]
2140 3432 2226 3499 Cf.
2275 3434 2368 3497 ΕΙ.
2424 3435 2608 3497 1063.
2675 3435 2808 3498 ἀλλ’
2865 3436 2942 3499 οὐ
2997 3434 3109 3499 τὰν

653 3522 802 3593 Διὸς
848 3521 1175 3605 ἀστραπὰν
1222 3531 1335 3588 etc.
1391 3525 1576 3588 1238.
1625 3523 1758 3587 ἀλλ’
1806 3526 1884 3587 οὐ
1930 3522 2044 3588 τὰν
2075 3524 2363 3606 Ἄρτεμιν
2394 3529 2510 3588 etc.
2561 3522 2630 3587 O.
2652 3524 2723 3589 R.
2748 3524 2893 3588 660.
2920 3525 3108 3589 1088.

662 3613 845 3676 Arist„
893 3611 1083 3695 Vesp.
1136 3613 1326 3675 1223.
1386 3616 1503 3677 Av.
1557 3616 1699 3677 174.
1755 3615 1941 3677 1606.
1998 3612 2155 3677 Ran.
2205 3615 2350 3677 840.
2400 3623 2514 3678 etc.
2573 3614 2715 3694 Lys.
2767 3614 2913 3677 986.
2963 3616 3108 3678 990.

659 3703 846 3765 1171.
892 3700 1151 3765 Theocr.
1203 3702 1276 3763 V.
1328 3703 1426 3764 14.
1480 3703 1577 3764 17.
1744 3703 1912 3767 τόνδ’
1946 3701 2304 3787 νΟλυμπον]
2354 3703 2442 3766 Cf.
2492 3705 2591 3786 Aj.
2645 3705 2833 3767 1389.
2870 3702 3108 3786 Ὀλύμ-

653 3814 781 3854 που
827 3791 1001 3855 τοῦδ’
1049 3791 1085 3854 ὁ
1132 3791 1505 3873 πρεσβεύων
1550 3792 1758 3874 πατὴρ
1805 3799 1918 3856 etc.
1970 3793 2077 3856 Ph.
2134 3793 2318 3855 1330.
2366 3789 2551 3864 οὗτος
2596 3793 2784 3876 ἥλιος.

838 3881 982 3943 759.
1030 3879 1130 3943 ἐπὶ
1176 3878 1461 3963 ψόγοισι]
1512 3879 1600 3943 Cf.
1636 3875 1783 3945 Ant.
1820 3883 1962 3944 792.
2013 3882 2112 3945 ἐπὶ
2143 3881 2340 3964 λώβᾳ.
2373 3882 2469 3946 ΕΙ.
2509 3882 2651 3946 108.
2684 3883 2784 3946 ἐπὶ
2814 3890 3109 3964 κωκυτῷ.

657 3971 759 4051 Aj.
814 3971 955 4033 143.
1003 3969 1104 4032 ἐπὶ
1152 3968 1462 4051 δυσκλείᾳ.
1520 3967 1669 4033 Eur.
1717 3971 1871 4036 Hee.
1923 3972 2068 4034 643.
2116 3973 2269 4052 ἔρις,
2316 3973 2396 4036 ἃν
2445 4008 2526 4019 ·-—
2575 3972 2768 4054 κρίνει
2819 4010 2898 4018 -
2948 3971 3112 4054 ἀνὴρ

655 4059 890 4142 βούτας
935 4059 1036 4121 ἐπὶ
1083 4057 1224 4139 δορὶ
1269 4057 1376 4122 καὶ
1422 4059 1609 4140 φόνῳ
1649 4059 1757 4123 καὶ
1802 4061 1980 4143 ἐμῶν
2019 4061 2369 4143 μελάθρων
2410 4061 2606 4144 λώβᾳ.
2653 4059 2790 4145 Iph.
2817 4063 2893 4125 A.
2923 4062 3110 4124 1176.

659 4147 760 4211 ἐπὶ
809 4146 877 4210 δὲ
926 4147 1230 4229 δακρύοις
1270 4145 1279 4231 Ι
1318 4148 1486 4231 μόνη
1535 4149 1843 4232 κάθημαι.
1902 4149 2128 4214 Bacch.
2183 4152 2370 4213 1364.
2429 4150 2697 4214 ἐκλείπω
2744 4150 2802 4214 o'
2849 4149 2951 4214 ἐπὶ
2999 4150 3109 4213 δυ-

658 4237 890 4319 στυχίᾳ.
960 4237 1197 4302 Phoen.
1252 4239 1437 4301 1590.
1502 4240 1951 4321 μαρναμένους
1997 4238 2098 4302 ἐπὶ
2141 4240 2493 4322 τραύμασιν
2538 4241 2816 4323 αἵματος.
2873 4238 3111 4304 Herod.

655 4325 740 4392 II.
795 4327 936 4389 121.
1003 4326 1104 4390 ἐπὶ
1168 4326 1354 4410 λύμῃ.
1411 4327 1521 4391 VI.
1572 4329 1672 4390 67.
1738 4328 1839 4391 ἐπὶ
1903 4329 2126 4410 γέλωτί
2181 4353 2245 4393 τε
2299 4329 2407 4392 καὶ
2461 4329 2666 4412 λάσθῃ
2724 4330 2950 4409 εἰρώτα
3004 4328 3114 4393 τὸν

661 4416 1045 4498 Δημάρατον
1093 4423 1205 4482 ete.
1252 4418 1478 4481 Aesch.
1531 4419 1645 4500 Ag.
1696 4417 1841 4481 620.
1890 4419 2201 4500 ἐπίψογον
2246 4421 2447 4501 φάτιν.
2629 4417 2974 4501 δεννάσεις]
3025 4417 3112 4481 Cf.

662 4506 762 4590 Aj.
812 4504 1183 4598 2439xaud
1243 4506 1565 4581 δεννάζων
1612 4508 1875 4590 ῥήμαθ’.
1933 4507 2083 4572 Eur.
2132 4507 2318 4574 Rhes.
2370 4510 2514 4572 925.
2573 4510 2646 4580 ὃς
2700 4509 2890 4593 ἡμῶν
2933 4507 3114 4572 πόλλ’
