<?xml version="1.0" encoding="UTF-8"?>
<!DOCTYPE html PUBLIC "-//W3C//DTD XHTML 1.0 Transitional//EN"
    "http://www.w3.org/TR/xhtml1/DTD/xhtml1-transitional.dtd">
<html xmlns="http://www.w3.org/1999/xhtml" xml:lang="en" lang="en">
 <head>
  <title>
</title>
<meta http-equiv="Content-Type" content="text/html;charset=utf-8" />
  <meta name='ocr-system' content='tesseract 3.04.00' />
  <meta name='ocr-capabilities' content='ocr_page ocr_carea ocr_par ocr_line ocrx_word'/>
</head>
<body>
  <div class='ocr_page' id='page_1' title='image "./spicilegiumsoph01blaygoog_0097.png"; bbox 0 0 3463 5287; ppageno 0'>
   <div class='ocr_carea' id='block_1_1' title="bbox 1379 440 2755 502">
    <p class='ocr_par' dir='ltr' id='par_1_1' title="bbox 1379 440 2755 502">
     <span class='ocr_line' id='line_1_1' title="bbox 1379 440 2755 502; baseline 0.001 -2"><span class='ocrx_word' id='word_1_1' title='bbox 1379 455 1680 501; x_wconf 73' lang='lat' dir='ltr'><strong>mmmm</strong></span> <span class='ocrx_word' id='word_1_2' title='bbox 2669 440 2755 502; x_wconf 81' lang='lat'><strong><em>85</em></strong></span> 
     </span>
    </p>
   </div>
   <div class='ocr_carea' id='block_1_2' title="bbox 288 615 2755 967">
    <p class='ocr_par' dir='ltr' id='par_1_2' title="bbox 288 615 2755 967">
     <span class='ocr_line' id='line_1_2' title="bbox 291 615 2755 699; baseline 0.001 -21"><span class='ocrx_word' id='word_1_3' title='bbox 291 617 441 699; x_wconf 83' lang='grc' dir='ltr'><strong><em>ζῆθι</em></strong></span> <span class='ocrx_word' id='word_1_4' title='bbox 485 616 711 679; x_wconf 84' lang='grc' dir='ltr'><strong><em>κάλων</em></strong></span> <span class='ocrx_word' id='word_1_5' title='bbox 756 617 953 686; x_wconf 82' lang='grc' dir='ltr'><strong><em>τείνας</em></strong></span> <span class='ocrx_word' id='word_1_6' title='bbox 999 616 1218 698; x_wconf 80' lang='grc' dir='ltr'><strong><em>οὔριον</em></strong></span> <span class='ocrx_word' id='word_1_7' title='bbox 1263 615 1645 699; x_wconf 83' lang='grc' dir='ltr'><strong><em>εὗφροσύνᾳ.</em></strong></span> <span class='ocrx_word' id='word_1_8' title='bbox 1723 615 1958 680; x_wconf 81' lang='lat' dir='ltr'><strong>Confer</strong></span> <span class='ocrx_word' id='word_1_9' title='bbox 2000 616 2191 679; x_wconf 81' lang='lat' dir='ltr'>etiam</span> <span class='ocrx_word' id='word_1_10' title='bbox 2240 616 2508 681; x_wconf 84' lang='lat' dir='ltr'>scolium</span> <span class='ocrx_word' id='word_1_11' title='bbox 2554 619 2755 681; x_wconf 83' lang='lat' dir='ltr'>notis-</span> 
     </span>
     <span class='ocr_line' id='line_1_3' title="bbox 291 704 2753 790; baseline 0 -21"><span class='ocrx_word' id='word_1_12' title='bbox 291 707 554 788; x_wconf 86' lang='lat' dir='ltr'>simum,</span> <span class='ocrx_word' id='word_1_13' title='bbox 603 705 725 768; x_wconf 89' lang='grc' dir='ltr'><strong><em>εἴθ’</em></strong></span> <span class='ocrx_word' id='word_1_14' title='bbox 774 705 923 788; x_wconf 82' lang='grc' dir='ltr'><strong><em>ἐξῆν</em></strong></span> <span class='ocrx_word' id='word_1_15' title='bbox 967 705 1189 775; x_wconf 83' lang='grc' dir='ltr'><strong><em>ὁποῖός</em></strong></span> <span class='ocrx_word' id='word_1_16' title='bbox 1233 729 1322 775; x_wconf 91' lang='grc' dir='ltr'><strong><em>τις</em></strong></span> <span class='ocrx_word' id='word_1_17' title='bbox 1368 704 1447 788; x_wconf 86' lang='grc' dir='ltr'><strong><em>ἦν</em></strong></span> <span class='ocrx_word' id='word_1_18' title='bbox 1477 704 1715 789; x_wconf 83' lang='grc' dir='ltr'><strong><em>(ἔσθῬ)</em></strong></span> <span class='ocrx_word' id='word_1_19' title='bbox 1763 706 2027 777; x_wconf 81' lang='grc' dir='ltr'><strong><em>ἕκαστος</em></strong></span> <span class='ocrx_word' id='word_1_20' title='bbox 2068 705 2077 787; x_wconf 89' lang='grc' dir='ltr'>Ι</span> <span class='ocrx_word' id='word_1_21' title='bbox 2116 706 2187 769; x_wconf 86' lang='grc' dir='ltr'><strong><em>τὸ</em></strong></span> <span class='ocrx_word' id='word_1_22' title='bbox 2225 706 2463 790; x_wconf 88' lang='grc' dir='ltr'><strong><em>στῆθος</em></strong></span> <span class='ocrx_word' id='word_1_23' title='bbox 2494 705 2753 770; x_wconf 89' lang='grc' dir='ltr'><strong><em>διελόντ’</em></strong></span> 
     </span>
     <span class='ocr_line' id='line_1_4' title="bbox 288 794 2753 967; baseline 0.001 -109"><span class='ocrx_word' id='word_1_24' title='bbox 288 797 511 948; x_wconf 56' lang='grc' dir='ltr'><strong><em>Ξπόἓιῖία)</em></strong></span> <span class='ocrx_word' id='word_1_25' title='bbox 554 794 867 967; x_wconf 53' lang='grc' dir='ltr'><strong><em>ἓὶρνενηοῦν</em></strong></span> <span class='ocrx_word' id='word_1_26' title='bbox 907 794 917 877; x_wconf 95' lang='grc' dir='ltr'>Ι</span> <span class='ocrx_word' id='word_1_27' title='bbox 956 795 1218 859; x_wconf 78' lang='grc' dir='ltr'><strong><em>εἰσιόντα</em></strong></span> <span class='ocrx_word' id='word_1_28' title='bbox 1233 842 1248 868; x_wconf 92' lang='grc'><strong><em>,</em></strong></span> <span class='ocrx_word' id='word_1_29' title='bbox 1313 795 1634 858; x_wconf 80' lang='grc' dir='ltr'><strong><em>κλείσαντα</em></strong></span> <span class='ocrx_word' id='word_1_30' title='bbox 1699 794 1888 858; x_wconf 86' lang='grc' dir='ltr'><strong><em>πάλιν</em></strong></span> <span class='ocrx_word' id='word_1_31' title='bbox 1927 795 1936 877; x_wconf 99' lang='grc' dir='ltr'>Ι</span> <span class='ocrx_word' id='word_1_32' title='bbox 1977 795 2180 877; x_wconf 87' lang='grc' dir='ltr'><strong><em>ἄνδρα</em></strong></span> <span class='ocrx_word' id='word_1_33' title='bbox 2236 795 2422 878; x_wconf 91' lang='grc' dir='ltr'><strong><em>φίλον</em></strong></span> <span class='ocrx_word' id='word_1_34' title='bbox 2477 797 2753 878; x_wconf 86' lang='grc' dir='ltr'><strong><em>νομίζειν</em></strong></span> 
     </span>
    </p>
   </div>
   <div class='ocr_carea' id='block_1_3' title="bbox 287 990 2753 1254">
    <p class='ocr_par' dir='ltr' id='par_1_3' title="bbox 287 990 2753 1254">
     <span class='ocr_line' id='line_1_5' title="bbox 473 990 2753 1076; baseline 0.001 -22"><span class='ocrx_word' id='word_1_35' title='bbox 473 993 603 1054; x_wconf 87' lang='grc'><strong><em>712</em></strong></span> <span class='ocrx_word' id='word_1_36' title='bbox 638 1012 730 1075; x_wconf 87' lang='lat' dir='ltr'><strong>sq.</strong></span> <span class='ocrx_word' id='word_1_37' title='bbox 779 992 962 1075; x_wconf 87' lang='grc' dir='ltr'><strong><em>όρᾷς,</em></strong></span> <span class='ocrx_word' id='word_1_38' title='bbox 1019 990 1193 1074; x_wconf 84' lang='grc' dir='ltr'><strong><em>παρὰ</em></strong></span> <span class='ocrx_word' id='word_1_39' title='bbox 1252 992 1560 1074; x_wconf 74' lang='grc' dir='ltr'><strong><em>ῥείθροισι</em></strong></span> <span class='ocrx_word' id='word_1_40' title='bbox 1607 991 1726 1076; x_wconf 89' lang='grc'><strong><em>-]</em></strong></span> <span class='ocrx_word' id='word_1_41' title='bbox 1784 990 1963 1056; x_wconf 79' lang='lat' dir='ltr'><strong>Haeo</strong></span> <span class='ocrx_word' id='word_1_42' title='bbox 2017 992 2314 1075; x_wconf 84' lang='grc' dir='ltr'><strong><em>παρῳδεῖ</em></strong></span> <span class='ocrx_word' id='word_1_43' title='bbox 2361 992 2753 1075; x_wconf 79' lang='lat' dir='ltr'><strong>Antiphanes</strong></span> 
     </span>
     <span class='ocr_line' id='line_1_6' title="bbox 287 1080 2751 1166; baseline -0 -21"><span class='ocrx_word' id='word_1_44' title='bbox 287 1102 452 1145; x_wconf 79' lang='lat' dir='ltr'><strong>com.</strong></span> <span class='ocrx_word' id='word_1_45' title='bbox 484 1080 602 1145; x_wconf 90' lang='lat' dir='ltr'><strong>III.</strong></span> <span class='ocrx_word' id='word_1_46' title='bbox 640 1082 784 1145; x_wconf 87' lang='lat'>138.</span> <span class='ocrx_word' id='word_1_47' title='bbox 920 1082 1225 1166; x_wconf 74' lang='grc' dir='ltr'><strong><em>ῥείθροισι</em></strong></span> <span class='ocrx_word' id='word_1_48' title='bbox 1270 1080 1666 1165; x_wconf 85' lang='grc' dir='ltr'><strong><em>χειμάρροις]</em></strong></span> <span class='ocrx_word' id='word_1_49' title='bbox 1722 1080 2244 1145; x_wconf 81' lang='lat' dir='ltr'><strong>TorrentibuS.</strong></span> <span class='ocrx_word' id='word_1_50' title='bbox 2323 1081 2410 1146; x_wconf 86' lang='lat' dir='ltr'><strong>Cf.</strong></span> <span class='ocrx_word' id='word_1_51' title='bbox 2459 1081 2645 1145; x_wconf 89' lang='lat' dir='ltr'><strong>Hom.</strong></span> <span class='ocrx_word' id='word_1_52' title='bbox 2676 1081 2751 1145; x_wconf 85' lang='grc' dir='ltr'><strong><em>ΙΙ.</em></strong></span> 
     </span>
     <span class='ocr_line' id='line_1_7' title="bbox 291 1169 2751 1254; baseline 0 -21"><span class='ocrx_word' id='word_1_53' title='bbox 291 1172 396 1251; x_wconf 84' lang='lat'><strong><em>13,</em></strong></span> <span class='ocrx_word' id='word_1_54' title='bbox 449 1172 596 1235; x_wconf 82' lang='lat'><strong>138.</strong></span> <span class='ocrx_word' id='word_1_55' title='bbox 643 1169 932 1253; x_wconf 86' lang='grc' dir='ltr'><strong><em>ποταμὸς</em></strong></span> <span class='ocrx_word' id='word_1_56' title='bbox 987 1170 1388 1254; x_wconf 85' lang='grc' dir='ltr'><strong><em>χειμάρροος.</em></strong></span> <span class='ocrx_word' id='word_1_57' title='bbox 1447 1170 1594 1234; x_wconf 84' lang='lat' dir='ltr'><strong>Eur.</strong></span> <span class='ocrx_word' id='word_1_58' title='bbox 1642 1171 1779 1235; x_wconf 86' lang='lat' dir='ltr'><strong>Tro.</strong></span> <span class='ocrx_word' id='word_1_59' title='bbox 1827 1172 1974 1235; x_wconf 83' lang='lat'><strong>449.</strong></span> <span class='ocrx_word' id='word_1_60' title='bbox 2030 1171 2356 1254; x_wconf 80' lang='grc' dir='ltr'><strong><em>φάραγγες</em></strong></span> <span class='ocrx_word' id='word_1_61' title='bbox 2401 1171 2580 1236; x_wconf 80' lang='grc' dir='ltr'><strong><em>ὕδατι</em></strong></span> <span class='ocrx_word' id='word_1_62' title='bbox 2626 1195 2751 1254; x_wconf 90' lang='grc' dir='ltr'><strong><em>χει-</em></strong></span> 
     </span>
    </p>
   </div>
   <div class='ocr_carea' id='block_1_4' title="bbox 265 1260 2755 1540">
    <p class='ocr_par' dir='ltr' id='par_1_4' title="bbox 265 1260 2755 1540">
     <span class='ocr_line' id='line_1_8' title="bbox 282 1260 854 1343; baseline -0.002 -20"><span class='ocrx_word' id='word_1_63' title='bbox 282 1261 531 1343; x_wconf 81' lang='grc' dir='ltr'><strong><em>μάρρῳ</em></strong></span> <span class='ocrx_word' id='word_1_64' title='bbox 579 1260 854 1343; x_wconf 85' lang='grc' dir='ltr'><strong><em>ῥέουσαι.</em></strong></span> 
     </span>
     <span class='ocr_line' id='line_1_9' title="bbox 474 1365 2755 1451; baseline 0.001 -22"><span class='ocrx_word' id='word_1_65' title='bbox 474 1368 622 1430; x_wconf 88' lang='grc'><strong>713.</strong></span> <span class='ocrx_word' id='word_1_66' title='bbox 668 1365 940 1451; x_wconf 87' lang='grc' dir='ltr'><strong><em>ὑπείκει]</em></strong></span> <span class='ocrx_word' id='word_1_67' title='bbox 989 1365 1077 1431; x_wconf 85' lang='lat' dir='ltr'><strong>Of.</strong></span> <span class='ocrx_word' id='word_1_68' title='bbox 1125 1366 1224 1430; x_wconf 82' lang='lat' dir='ltr'><strong>Fr.</strong></span> <span class='ocrx_word' id='word_1_69' title='bbox 1272 1367 1419 1430; x_wconf 91' lang='grc'><strong>607.</strong></span> <span class='ocrx_word' id='word_1_70' title='bbox 1470 1367 1708 1430; x_wconf 82' lang='grc' dir='ltr'><strong><em>ὑπείκει</em></strong></span> <span class='ocrx_word' id='word_1_71' title='bbox 1766 1366 1874 1430; x_wconf 80' lang='grc' dir='ltr'><strong><em>καὶ</em></strong></span> <span class='ocrx_word' id='word_1_72' title='bbox 1919 1367 2134 1431; x_wconf 86' lang='grc' dir='ltr'><strong><em>θέλων</em></strong></span> <span class='ocrx_word' id='word_1_73' title='bbox 2188 1367 2522 1449; x_wconf 82' lang='grc' dir='ltr'><strong><em>ἐγκλίνεται</em></strong></span> <span class='ocrx_word' id='word_1_74' title='bbox 2560 1365 2755 1450; x_wconf 84' lang='grc' dir='ltr'><strong><em>’(Ζεὺς</em></strong></span> 
     </span>
     <span class='ocr_line' id='line_1_10' title="bbox 265 1454 2619 1540; baseline -0 -19"><span class='ocrx_word' id='word_1_75' title='bbox 265 1456 554 1539; x_wconf 84' lang='grc' dir='ltr'><strong><em>Ἔρωτι).</em></strong></span> <span class='ocrx_word' id='word_1_76' title='bbox 690 1455 974 1540; x_wconf 84' lang='grc' dir='ltr'><strong><em>κλῶνας]</em></strong></span> <span class='ocrx_word' id='word_1_77' title='bbox 1021 1457 1068 1520; x_wconf 93' lang='grc' dir='ltr'><strong><em>Ι.</em></strong></span> <span class='ocrx_word' id='word_1_78' title='bbox 1105 1478 1160 1539; x_wconf 89' lang='lat' dir='ltr'><strong><em>q.</em></strong></span> <span class='ocrx_word' id='word_1_79' title='bbox 1206 1457 1500 1527; x_wconf 89' lang='grc' dir='ltr'><strong><em>κλάδους.</em></strong></span> <span class='ocrx_word' id='word_1_80' title='bbox 1580 1455 1669 1521; x_wconf 87' lang='lat' dir='ltr'><strong>Cf.</strong></span> <span class='ocrx_word' id='word_1_81' title='bbox 1718 1454 1877 1521; x_wconf 87' lang='lat' dir='ltr'><strong>O.C.</strong></span> <span class='ocrx_word' id='word_1_82' title='bbox 1911 1457 2059 1520; x_wconf 91' lang='grc'><strong>483.</strong></span> <span class='ocrx_word' id='word_1_83' title='bbox 2109 1457 2342 1540; x_wconf 79' lang='lat' dir='ltr'><strong>Adesp.</strong></span> <span class='ocrx_word' id='word_1_84' title='bbox 2377 1459 2527 1538; x_wconf 85' lang='lat'><strong><em>418,</em></strong></span> <span class='ocrx_word' id='word_1_85' title='bbox 2562 1458 2619 1520; x_wconf 89' lang='lat'><strong><em>5.</em></strong></span> 
     </span>
    </p>
   </div>
   <div class='ocr_carea' id='block_1_5' title="bbox 283 1558 2753 2273">
    <p class='ocr_par' dir='ltr' id='par_1_5' title="bbox 283 1558 2753 2007">
     <span class='ocr_line' id='line_1_11' title="bbox 479 1558 2751 1647; baseline 0 -21"><span class='ocrx_word' id='word_1_86' title='bbox 479 1564 626 1626; x_wconf 88' lang='grc'><strong>714.</strong></span> <span class='ocrx_word' id='word_1_87' title='bbox 673 1563 747 1626; x_wconf 81' lang='grc' dir='ltr'><strong><em>τὰ</em></strong></span> <span class='ocrx_word' id='word_1_88' title='bbox 797 1564 855 1627; x_wconf 91' lang='grc' dir='ltr'><strong><em>δ’</em></strong></span> <span class='ocrx_word' id='word_1_89' title='bbox 904 1562 1319 1647; x_wconf 85' lang='grc' dir='ltr'><strong><em>ἀντιτείνοντ’]</em></strong></span> <span class='ocrx_word' id='word_1_90' title='bbox 1368 1562 1460 1627; x_wconf 79' lang='lat' dir='ltr'><strong>Cf.</strong></span> <span class='ocrx_word' id='word_1_91' title='bbox 1507 1563 1658 1626; x_wconf 87' lang='lat' dir='ltr'><strong>Eur.</strong></span> <span class='ocrx_word' id='word_1_92' title='bbox 1699 1562 1798 1627; x_wconf 84' lang='lat' dir='ltr'><strong>Fr.</strong></span> <span class='ocrx_word' id='word_1_93' title='bbox 1833 1563 1981 1627; x_wconf 83' lang='lat'><strong>654.</strong></span> <span class='ocrx_word' id='word_1_94' title='bbox 2029 1564 2208 1627; x_wconf 91' lang='grc' dir='ltr'><strong><em>δυοῖν</em></strong></span> <span class='ocrx_word' id='word_1_95' title='bbox 2252 1558 2582 1645; x_wconf 76' lang='grc' dir='ltr'><strong><em>λεγόντοιν,</em></strong></span> <span class='ocrx_word' id='word_1_96' title='bbox 2629 1565 2751 1627; x_wconf 91' lang='grc' dir='ltr'><strong><em>θα-</em></strong></span> 
     </span>
     <span class='ocr_line' id='line_1_12' title="bbox 285 1652 2753 1737; baseline 0 -21"><span class='ocrx_word' id='word_1_97' title='bbox 285 1656 476 1737; x_wconf 82' lang='grc' dir='ltr'><strong><em>τέρου</em></strong></span> <span class='ocrx_word' id='word_1_98' title='bbox 525 1653 966 1735; x_wconf 76' lang='grc' dir='ltr'><strong><em>θυμουμένου,</em></strong></span> <span class='ocrx_word' id='word_1_99' title='bbox 1008 1657 1017 1735; x_wconf 94' lang='grc' dir='ltr'>Ι</span> <span class='ocrx_word' id='word_1_100' title='bbox 1058 1653 1094 1716; x_wconf 84' lang='grc' dir='ltr'>ὁ</span> <span class='ocrx_word' id='word_1_101' title='bbox 1139 1652 1230 1736; x_wconf 88' lang='grc' dir='ltr'><strong><em>μὴ</em></strong></span> <span class='ocrx_word' id='word_1_102' title='bbox 1279 1654 1629 1717; x_wconf 83' lang='grc' dir='ltr'><strong><em>ἀντιτείνων</em></strong></span> <span class='ocrx_word' id='word_1_103' title='bbox 1691 1658 1820 1723; x_wconf 90' lang='grc' dir='ltr'><strong><em>τοῖς</em></strong></span> <span class='ocrx_word' id='word_1_104' title='bbox 1884 1653 2093 1735; x_wconf 84' lang='grc' dir='ltr'><strong><em>λόγοις</em></strong></span> <span class='ocrx_word' id='word_1_105' title='bbox 2156 1654 2541 1735; x_wconf 86' lang='grc' dir='ltr'><strong><em>σοφώτερος.</em></strong></span> <span class='ocrx_word' id='word_1_106' title='bbox 2602 1652 2753 1716; x_wconf 85' lang='lat' dir='ltr'><strong>Eur.</strong></span> 
     </span>
     <span class='ocr_line' id='line_1_13' title="bbox 286 1740 2752 1826; baseline -0.001 -18"><span class='ocrx_word' id='word_1_107' title='bbox 286 1744 389 1808; x_wconf 84' lang='lat' dir='ltr'><strong>Fr.</strong></span> <span class='ocrx_word' id='word_1_108' title='bbox 427 1743 579 1815; x_wconf 80' lang='lat'><strong><em>340,</em></strong></span> <span class='ocrx_word' id='word_1_109' title='bbox 618 1746 669 1805; x_wconf 91' lang='lat'><strong>1.</strong></span> <span class='ocrx_word' id='word_1_110' title='bbox 716 1741 969 1824; x_wconf 89' lang='grc' dir='ltr'><strong><em>Κύπρις</em></strong></span> <span class='ocrx_word' id='word_1_111' title='bbox 1009 1742 1130 1824; x_wconf 84' lang='grc' dir='ltr'><strong><em>γὰρ</em></strong></span> <span class='ocrx_word' id='word_1_112' title='bbox 1177 1742 1366 1806; x_wconf 81' lang='grc' dir='ltr'><strong><em>οὐδὲν</em></strong></span> <span class='ocrx_word' id='word_1_113' title='bbox 1411 1743 1884 1824; x_wconf 86' lang='grc' dir='ltr'><strong><em>νουθετουμένη</em></strong></span> <span class='ocrx_word' id='word_1_114' title='bbox 1931 1743 2123 1825; x_wconf 85' lang='grc' dir='ltr'><strong><em>χαλᾷ,</em></strong></span> <span class='ocrx_word' id='word_1_115' title='bbox 2167 1740 2175 1826; x_wconf 90' lang='grc' dir='ltr'>Ι</span> <span class='ocrx_word' id='word_1_116' title='bbox 2216 1745 2295 1825; x_wconf 86' lang='grc' dir='ltr'><strong><em>ἢν</em></strong></span> <span class='ocrx_word' id='word_1_117' title='bbox 2328 1742 2386 1805; x_wconf 88' lang='grc' dir='ltr'><strong><em>δ’</em></strong></span> <span class='ocrx_word' id='word_1_118' title='bbox 2417 1740 2499 1805; x_wconf 83' lang='grc' dir='ltr'><strong><em>αὖ</em></strong></span> <span class='ocrx_word' id='word_1_119' title='bbox 2544 1743 2752 1825; x_wconf 83' lang='grc' dir='ltr'><strong><em>βιάζῃ,</em></strong></span> 
     </span>
     <span class='ocr_line' id='line_1_14' title="bbox 283 1828 2748 1917; baseline -0.001 -21"><span class='ocrx_word' id='word_1_120' title='bbox 283 1833 536 1916; x_wconf 83' lang='grc' dir='ltr'><strong><em>μᾶλλον</em></strong></span> <span class='ocrx_word' id='word_1_121' title='bbox 567 1832 844 1896; x_wconf 76' lang='grc' dir='ltr'><strong><em>ἐντείνειν</em></strong></span> <span class='ocrx_word' id='word_1_122' title='bbox 875 1831 1053 1914; x_wconf 88' lang='grc' dir='ltr'><strong><em>φιλεῖ.</em></strong></span> <span class='ocrx_word' id='word_1_123' title='bbox 1101 1830 1288 1895; x_wconf 82' lang='lat' dir='ltr'><strong>Here.</strong></span> <span class='ocrx_word' id='word_1_124' title='bbox 1322 1832 1468 1895; x_wconf 83' lang='lat'><strong>282.</strong></span> <span class='ocrx_word' id='word_1_125' title='bbox 1499 1839 1593 1915; x_wconf 79' lang='grc' dir='ltr'><strong><em>τῷ</em></strong></span> <span class='ocrx_word' id='word_1_126' title='bbox 1625 1832 1683 1895; x_wconf 91' lang='grc' dir='ltr'><strong><em>δ’</em></strong></span> <span class='ocrx_word' id='word_1_127' title='bbox 1716 1832 2048 1913; x_wconf 85' lang='grc' dir='ltr'><strong><em>ἀναγκαίῳ</em></strong></span> <span class='ocrx_word' id='word_1_128' title='bbox 2078 1831 2299 1913; x_wconf 86' lang='grc' dir='ltr'><strong><em>τρόπῳ</em></strong></span> <span class='ocrx_word' id='word_1_129' title='bbox 2330 1831 2704 1914; x_wconf 77' lang='grc' dir='ltr'><strong><em>(πότμῳΡ)</em></strong></span> <span class='ocrx_word' id='word_1_130' title='bbox 2741 1828 2748 1917; x_wconf 89' lang='grc' dir='ltr'>Ι</span> 
     </span>
     <span class='ocr_line' id='line_1_15' title="bbox 287 1919 2752 2007; baseline -0 -23"><span class='ocrx_word' id='word_1_131' title='bbox 287 1924 364 1994; x_wconf 84' lang='grc' dir='ltr'><strong><em>ὃς</em></strong></span> <span class='ocrx_word' id='word_1_132' title='bbox 409 1922 802 1985; x_wconf 81' lang='grc' dir='ltr'><strong><em>ἀντιτείνει</em></strong></span> <span class='ocrx_word' id='word_1_133' title='bbox 849 1920 1073 1985; x_wconf 87' lang='grc' dir='ltr'><strong><em>σκαιὸν</em></strong></span> <span class='ocrx_word' id='word_1_134' title='bbox 1116 1921 1395 2003; x_wconf 85' lang='grc' dir='ltr'><strong><em>ἡγοῦμαι</em></strong></span> <span class='ocrx_word' id='word_1_135' title='bbox 1433 1922 1682 2003; x_wconf 87' lang='grc' dir='ltr'><strong><em>βροτόν.</em></strong></span> <span class='ocrx_word' id='word_1_136' title='bbox 1728 1921 1895 1984; x_wconf 86' lang='lat' dir='ltr'><strong>Med.</strong></span> <span class='ocrx_word' id='word_1_137' title='bbox 1918 1922 2064 1984; x_wconf 90' lang='lat'><strong>891.</strong></span> <span class='ocrx_word' id='word_1_138' title='bbox 2098 1919 2238 1984; x_wconf 80' lang='grc' dir='ltr'><strong><em>οὐδ’</em></strong></span> <span class='ocrx_word' id='word_1_139' title='bbox 2272 1921 2615 2007; x_wconf 85' lang='grc' dir='ltr'><strong><em>ἀντιτείνειν</em></strong></span> <span class='ocrx_word' id='word_1_140' title='bbox 2640 1958 2752 1983; x_wconf 93' lang='grc'><strong><em>-.</em></strong></span> 
     </span>
    </p>

    <p class='ocr_par' dir='ltr' id='par_1_6' title="bbox 289 2008 2753 2273">
     <span class='ocr_line' id='line_1_16' title="bbox 377 2008 2753 2094; baseline -0.001 -20"><span class='ocrx_word' id='word_1_141' title='bbox 377 2009 800 2094; x_wconf 76' lang='grc' dir='ltr'><strong><em>αὐτόπρεμν’]</em></strong></span> <span class='ocrx_word' id='word_1_142' title='bbox 873 2008 1079 2073; x_wconf 85' lang='lat' dir='ltr'><strong>Schol.</strong></span> <span class='ocrx_word' id='word_1_143' title='bbox 1144 2010 1500 2092; x_wconf 82' lang='grc' dir='ltr'><strong><em>αὖτόρριζα.</em></strong></span> <span class='ocrx_word' id='word_1_144' title='bbox 1585 2010 1633 2073; x_wconf 95' lang='grc' dir='ltr'><strong><em>Ι.</em></strong></span> <span class='ocrx_word' id='word_1_145' title='bbox 1683 2031 1741 2094; x_wconf 92' lang='lat' dir='ltr'><strong><em>q.</em></strong></span> <span class='ocrx_word' id='word_1_146' title='bbox 1796 2010 2183 2093; x_wconf 87' lang='grc' dir='ltr'><strong><em>πρέμνοθεν,</em></strong></span> <span class='ocrx_word' id='word_1_147' title='bbox 2244 2030 2283 2072; x_wconf 82' lang='lat' dir='ltr'><strong>a</strong></span> <span class='ocrx_word' id='word_1_148' title='bbox 2327 2011 2584 2093; x_wconf 80' lang='lat' dir='ltr'><strong>stirpe.</strong></span> <span class='ocrx_word' id='word_1_149' title='bbox 2664 2008 2753 2073; x_wconf 85' lang='lat' dir='ltr'><strong>Of.</strong></span> 
     </span>
     <span class='ocr_line' id='line_1_17' title="bbox 291 2098 2752 2183; baseline -0.002 -18"><span class='ocrx_word' id='word_1_150' title='bbox 291 2103 486 2166; x_wconf 82' lang='lat' dir='ltr'><strong>Arist.</strong></span> <span class='ocrx_word' id='word_1_151' title='bbox 535 2099 692 2163; x_wconf 81' lang='lat' dir='ltr'><strong>Rau.</strong></span> <span class='ocrx_word' id='word_1_152' title='bbox 744 2101 889 2164; x_wconf 95' lang='grc'><strong>903.</strong></span> <span class='ocrx_word' id='word_1_153' title='bbox 945 2099 1054 2163; x_wconf 88' lang='grc' dir='ltr'><strong><em>τὸν</em></strong></span> <span class='ocrx_word' id='word_1_154' title='bbox 1110 2099 1168 2162; x_wconf 85' lang='grc' dir='ltr'><strong><em>δ’</em></strong></span> <span class='ocrx_word' id='word_1_155' title='bbox 1219 2098 1578 2163; x_wconf 85' lang='grc' dir='ltr'><strong><em>ἀνασπῶντ’</em></strong></span> <span class='ocrx_word' id='word_1_156' title='bbox 1632 2101 2096 2183; x_wconf 81' lang='grc' dir='ltr'><strong><em>αὐτοπρέμνοις</em></strong></span> <span class='ocrx_word' id='word_1_157' title='bbox 2143 2105 2271 2170; x_wconf 92' lang='grc' dir='ltr'><strong><em>τοῖς</em></strong></span> <span class='ocrx_word' id='word_1_158' title='bbox 2316 2099 2591 2181; x_wconf 85' lang='grc' dir='ltr'><strong><em>λόγοισιν</em></strong></span> <span class='ocrx_word' id='word_1_159' title='bbox 2637 2106 2752 2163; x_wconf 81' lang='lat' dir='ltr'><strong>etc.</strong></span> 
     </span>
     <span class='ocr_line' id='line_1_18' title="bbox 289 2188 2751 2273; baseline -0.001 -20"><span class='ocrx_word' id='word_1_160' title='bbox 289 2191 524 2255; x_wconf 79' lang='lat' dir='ltr'><strong>Aesch.</strong></span> <span class='ocrx_word' id='word_1_161' title='bbox 559 2188 722 2273; x_wconf 70' lang='lat' dir='ltr'><strong>Sept.</strong></span> <span class='ocrx_word' id='word_1_162' title='bbox 762 2189 950 2252; x_wconf 88' lang='grc'><strong>1060.</strong></span> <span class='ocrx_word' id='word_1_163' title='bbox 997 2189 1111 2252; x_wconf 82' lang='grc' dir='ltr'><strong><em>αἴτ’</em></strong></span> <span class='ocrx_word' id='word_1_164' title='bbox 1168 2188 1518 2253; x_wconf 84' lang='grc' dir='ltr'><strong><em>Οἰδιπόδου</em></strong></span> <span class='ocrx_word' id='word_1_165' title='bbox 1570 2190 1752 2271; x_wconf 85' lang='grc' dir='ltr'><strong><em>γένος</em></strong></span> <span class='ocrx_word' id='word_1_166' title='bbox 1797 2190 2070 2254; x_wconf 83' lang='grc' dir='ltr'><strong><em>ὠλέσατε</em></strong></span> <span class='ocrx_word' id='word_1_167' title='bbox 2115 2189 2481 2271; x_wconf 86' lang='grc' dir='ltr'><strong><em>πρέμνοθεν</em></strong></span> <span class='ocrx_word' id='word_1_168' title='bbox 2528 2190 2751 2260; x_wconf 77' lang='grc' dir='ltr'><strong><em>οὕτως.</em></strong></span> 
     </span>
    </p>
   </div>
   <div class='ocr_carea' id='block_1_6' title="bbox 291 2277 1611 2362">
    <p class='ocr_par' dir='ltr' id='par_1_7' title="bbox 291 2277 1611 2362">
     <span class='ocr_line' id='line_1_19' title="bbox 291 2277 1611 2362; baseline -0.002 -19"><span class='ocrx_word' id='word_1_169' title='bbox 291 2280 530 2343; x_wconf 78' lang='lat' dir='ltr'>Confer</span> <span class='ocrx_word' id='word_1_170' title='bbox 573 2278 921 2361; x_wconf 84' lang='grc' dir='ltr'><strong><em>πρόρριζος</em></strong></span> <span class='ocrx_word' id='word_1_171' title='bbox 967 2277 1137 2362; x_wconf 88' lang='lat' dir='ltr'><strong>(Eur.</strong></span> <span class='ocrx_word' id='word_1_172' title='bbox 1185 2277 1374 2362; x_wconf 87' lang='lat' dir='ltr'><strong>Hipp.</strong></span> <span class='ocrx_word' id='word_1_173' title='bbox 1425 2278 1611 2358; x_wconf 85' lang='lat'><strong>681.).</strong></span> 
     </span>
    </p>
   </div>
   <div class='ocr_carea' id='block_1_7' title="bbox 288 2383 2762 4075">
    <p class='ocr_par' dir='ltr' id='par_1_8' title="bbox 288 2383 2762 4075">
     <span class='ocr_line' id='line_1_20' title="bbox 475 2383 2754 2468; baseline 0 -20"><span class='ocrx_word' id='word_1_174' title='bbox 475 2386 623 2448; x_wconf 81' lang='lat'><strong>715.</strong></span> <span class='ocrx_word' id='word_1_175' title='bbox 670 2386 880 2455; x_wconf 85' lang='grc' dir='ltr'><strong><em>αῦτως</em></strong></span> <span class='ocrx_word' id='word_1_176' title='bbox 928 2385 998 2449; x_wconf 84' lang='grc' dir='ltr'><strong><em>δὲ</em></strong></span> <span class='ocrx_word' id='word_1_177' title='bbox 1046 2383 1162 2468; x_wconf 87' lang='grc'><strong><em>-]</em></strong></span> <span class='ocrx_word' id='word_1_178' title='bbox 1229 2383 1320 2449; x_wconf 80' lang='lat' dir='ltr'><strong>Cf.</strong></span> <span class='ocrx_word' id='word_1_179' title='bbox 1369 2386 1471 2448; x_wconf 87' lang='grc'><strong><em>85.</em></strong></span> <span class='ocrx_word' id='word_1_180' title='bbox 1521 2385 1591 2448; x_wconf 93' lang='grc' dir='ltr'><strong><em>Ο.</em></strong></span> <span class='ocrx_word' id='word_1_181' title='bbox 1625 2383 1696 2448; x_wconf 87' lang='lat' dir='ltr'><strong>R.</strong></span> <span class='ocrx_word' id='word_1_182' title='bbox 1750 2386 1893 2449; x_wconf 90' lang='grc'><strong>931.</strong></span> <span class='ocrx_word' id='word_1_183' title='bbox 1958 2386 2169 2456; x_wconf 75' lang='grc' dir='ltr'><strong><em>αὕτως</em></strong></span> <span class='ocrx_word' id='word_1_184' title='bbox 2235 2385 2304 2450; x_wconf 83' lang='grc' dir='ltr'><strong><em>δὲ</em></strong></span> <span class='ocrx_word' id='word_1_185' title='bbox 2369 2384 2476 2448; x_wconf 86' lang='grc' dir='ltr'><strong><em>καὶ</em></strong></span> <span class='ocrx_word' id='word_1_186' title='bbox 2540 2386 2619 2449; x_wconf 91' lang='grc' dir='ltr'><strong><em>σύ</em></strong></span> <span class='ocrx_word' id='word_1_187' title='bbox 2685 2410 2754 2466; x_wconf 84' lang='grc' dir='ltr'><strong><em>γε</em></strong></span> 
     </span>
     <span class='ocr_line' id='line_1_21' title="bbox 289 2474 2751 2559; baseline -0.001 -19"><span class='ocrx_word' id='word_1_188' title='bbox 289 2477 530 2558; x_wconf 85' lang='grc' dir='ltr'><strong><em>(ὄλβιος</em></strong></span> <span class='ocrx_word' id='word_1_189' title='bbox 577 2475 822 2556; x_wconf 86' lang='grc' dir='ltr'><strong><em>γένοιο).</em></strong></span> <span class='ocrx_word' id='word_1_190' title='bbox 876 2474 972 2537; x_wconf 84' lang='lat' dir='ltr'><strong>Tr.</strong></span> <span class='ocrx_word' id='word_1_191' title='bbox 1027 2475 1212 2538; x_wconf 88' lang='lat'><strong>1038.</strong></span> <span class='ocrx_word' id='word_1_192' title='bbox 1260 2475 1360 2556; x_wconf 85' lang='lat' dir='ltr'><strong>Aj.</strong></span> <span class='ocrx_word' id='word_1_193' title='bbox 1412 2476 1599 2537; x_wconf 87' lang='grc'><strong>1179.</strong></span> <span class='ocrx_word' id='word_1_194' title='bbox 1737 2474 2040 2558; x_wconf 79' lang='grc' dir='ltr'><strong><em>ἐγκρατῆ]</em></strong></span> <span class='ocrx_word' id='word_1_195' title='bbox 2098 2475 2346 2559; x_wconf 85' lang='lat' dir='ltr'><strong>Tight‚</strong></span> <span class='ocrx_word' id='word_1_196' title='bbox 2395 2475 2583 2537; x_wconf 86' lang='lat' dir='ltr'><strong>firm.</strong></span> <span class='ocrx_word' id='word_1_197' title='bbox 2660 2474 2751 2538; x_wconf 84' lang='lat' dir='ltr'><strong>Cf.</strong></span> 
     </span>
     <span class='ocr_line' id='line_1_22' title="bbox 291 2562 2751 2647; baseline -0.001 -19"><span class='ocrx_word' id='word_1_198' title='bbox 291 2568 443 2629; x_wconf 79' lang='lat'><strong>474.</strong></span> <span class='ocrx_word' id='word_1_199' title='bbox 500 2564 629 2628; x_wconf 86' lang='grc' dir='ltr'><strong><em>τὸν</em></strong></span> <span class='ocrx_word' id='word_1_200' title='bbox 682 2565 1168 2647; x_wconf 77' lang='grc' dir='ltr'><strong><em>ἐγκρατέστατον</em></strong></span> <span class='ocrx_word' id='word_1_201' title='bbox 1214 2564 1492 2647; x_wconf 86' lang='grc' dir='ltr'><strong><em>σίδηρον.</em></strong></span> <span class='ocrx_word' id='word_1_202' title='bbox 1555 2563 1747 2627; x_wconf 83' lang='lat' dir='ltr'><strong>Thuc.</strong></span> <span class='ocrx_word' id='word_1_203' title='bbox 1796 2562 1843 2627; x_wconf 94' lang='lat' dir='ltr'><strong>I.</strong></span> <span class='ocrx_word' id='word_1_204' title='bbox 1895 2565 1995 2626; x_wconf 91' lang='lat'><strong>76.</strong></span> <span class='ocrx_word' id='word_1_205' title='bbox 2059 2565 2574 2646; x_wconf 83' lang='grc' dir='ltr'><strong><em>ἀναγκασθέντας</em></strong></span> <span class='ocrx_word' id='word_1_206' title='bbox 2637 2564 2751 2647; x_wconf 90' lang='grc' dir='ltr'><strong><em>ἄρ-</em></strong></span> 
     </span>
     <span class='ocr_line' id='line_1_23' title="bbox 289 2652 2753 2738; baseline -0.001 -18"><span class='ocrx_word' id='word_1_207' title='bbox 289 2681 425 2738; x_wconf 81' lang='grc' dir='ltr'><strong><em>χειν</em></strong></span> <span class='ocrx_word' id='word_1_208' title='bbox 489 2656 830 2736; x_wconf 84' lang='grc' dir='ltr'><strong><em>ἐγκρατῶς.</em></strong></span> <span class='ocrx_word' id='word_1_209' title='bbox 896 2652 1153 2718; x_wconf 83' lang='lat' dir='ltr'><strong>Lucian.</strong></span> <span class='ocrx_word' id='word_1_210' title='bbox 1210 2654 1285 2718; x_wconf 92' lang='lat' dir='ltr'><strong><em>D.</em></strong></span> <span class='ocrx_word' id='word_1_211' title='bbox 1341 2674 1492 2718; x_wconf 81' lang='lat' dir='ltr'><strong>mer.</strong></span> <span class='ocrx_word' id='word_1_212' title='bbox 1551 2653 1665 2716; x_wconf 92' lang='lat' dir='ltr'><strong>III.</strong></span> <span class='ocrx_word' id='word_1_213' title='bbox 1724 2655 1781 2716; x_wconf 90' lang='lat'><strong>3.</strong></span> <span class='ocrx_word' id='word_1_214' title='bbox 1847 2653 1961 2718; x_wconf 87' lang='lat' dir='ltr'><strong><em>ubi</em></strong></span> <span class='ocrx_word' id='word_1_215' title='bbox 2027 2653 2387 2728; x_wconf 77' lang='lat' dir='ltr'><strong>scholiasta.</strong></span> <span class='ocrx_word' id='word_1_216' title='bbox 2459 2654 2567 2717; x_wconf 81' lang='grc' dir='ltr'><strong><em>καὶ</em></strong></span> <span class='ocrx_word' id='word_1_217' title='bbox 2631 2654 2753 2736; x_wconf 84' lang='grc' dir='ltr'><strong><em>γὰρ</em></strong></span> 
     </span>
     <span class='ocr_line' id='line_1_24' title="bbox 289 2743 2751 2828; baseline -0.001 -19"><span class='ocrx_word' id='word_1_218' title='bbox 289 2751 449 2813; x_wconf 84' lang='grc' dir='ltr'><strong><em>ναῦς</em></strong></span> <span class='ocrx_word' id='word_1_219' title='bbox 493 2745 720 2828; x_wconf 87' lang='grc' dir='ltr'><strong><em>βιαίως</em></strong></span> <span class='ocrx_word' id='word_1_220' title='bbox 763 2749 876 2807; x_wconf 92' lang='grc' dir='ltr'><strong><em>τοῦ</em></strong></span> <span class='ocrx_word' id='word_1_221' title='bbox 906 2743 1111 2813; x_wconf 86' lang='grc' dir='ltr'><strong><em>ποδὸς</em></strong></span> <span class='ocrx_word' id='word_1_222' title='bbox 1156 2744 1523 2813; x_wconf 71' lang='grc' dir='ltr'><strong><em>ἐνταθέντας</em></strong></span> <span class='ocrx_word' id='word_1_223' title='bbox 1568 2744 1898 2824; x_wconf 86' lang='grc' dir='ltr'><strong><em>ὑπέκυψεν</em></strong></span> <span class='ocrx_word' id='word_1_224' title='bbox 1929 2743 2091 2806; x_wconf 81' lang='grc' dir='ltr'><strong><em>ὥστε</em></strong></span> <span class='ocrx_word' id='word_1_225' title='bbox 2122 2744 2303 2825; x_wconf 79' lang='grc' dir='ltr'><strong><em>ὕδωρ</em></strong></span> <span class='ocrx_word' id='word_1_226' title='bbox 2335 2743 2751 2816; x_wconf 80' lang='grc' dir='ltr'><strong><em>εἰσδέξασθαι,</em></strong></span> 
     </span>
     <span class='ocr_line' id='line_1_25' title="bbox 289 2831 2762 2917; baseline -0 -20"><span class='ocrx_word' id='word_1_227' title='bbox 289 2835 480 2898; x_wconf 86' lang='grc' dir='ltr'><strong><em>πάλιν</em></strong></span> <span class='ocrx_word' id='word_1_228' title='bbox 528 2833 587 2896; x_wconf 86' lang='grc' dir='ltr'><strong><em>δ’</em></strong></span> <span class='ocrx_word' id='word_1_229' title='bbox 634 2833 1016 2917; x_wconf 76' lang='grc' dir='ltr'><strong><em>ἀνωρθώθη</em></strong></span> <span class='ocrx_word' id='word_1_230' title='bbox 1063 2833 1453 2916; x_wconf 90' lang='grc' dir='ltr'><strong><em>χαλάσαντος</em></strong></span> <span class='ocrx_word' id='word_1_231' title='bbox 1496 2832 1605 2895; x_wconf 84' lang='grc' dir='ltr'><strong><em>τὸν</em></strong></span> <span class='ocrx_word' id='word_1_232' title='bbox 1648 2832 1839 2895; x_wconf 91' lang='grc' dir='ltr'><strong><em>πόδα.</em></strong></span> <span class='ocrx_word' id='word_1_233' title='bbox 1899 2834 2121 2895; x_wconf 84' lang='lat' dir='ltr'><strong>Aesch.</strong></span> <span class='ocrx_word' id='word_1_234' title='bbox 2170 2831 2270 2895; x_wconf 88' lang='lat' dir='ltr'><strong>Pr.</strong></span> <span class='ocrx_word' id='word_1_235' title='bbox 2322 2835 2422 2895; x_wconf 86' lang='lat'><strong>55.</strong></span> <span class='ocrx_word' id='word_1_236' title='bbox 2470 2833 2762 2915; x_wconf 79' lang='grc' dir='ltr'><strong><em>ἐγκρατεῖ</em></strong></span> 
     </span>
     <span class='ocr_line' id='line_1_26' title="bbox 290 2921 2755 3005; baseline -0.002 -17"><span class='ocrx_word' id='word_1_237' title='bbox 290 2925 504 2988; x_wconf 84' lang='grc' dir='ltr'><strong><em>σθένει</em></strong></span> <span class='ocrx_word' id='word_1_238' title='bbox 552 2961 638 2969; x_wconf 89' lang='grc'>-</span> <span class='ocrx_word' id='word_1_239' title='bbox 683 2923 871 2986; x_wconf 90' lang='grc' dir='ltr'><strong><em>θεῖνε.</em></strong></span> <span class='ocrx_word' id='word_1_240' title='bbox 928 2921 1079 2985; x_wconf 86' lang='lat' dir='ltr'><strong>Eur.</strong></span> <span class='ocrx_word' id='word_1_241' title='bbox 1129 2921 1231 2987; x_wconf 89' lang='lat' dir='ltr'><strong>Or.</strong></span> <span class='ocrx_word' id='word_1_242' title='bbox 1283 2923 1428 2985; x_wconf 87' lang='lat'><strong>698.</strong></span> <span class='ocrx_word' id='word_1_243' title='bbox 1485 2922 1543 2985; x_wconf 76' lang='grc' dir='ltr'><strong><em>εἰ</em></strong></span> <span class='ocrx_word' id='word_1_244' title='bbox 1593 2922 1649 2986; x_wconf 91' lang='grc' dir='ltr'><strong><em>δ’</em></strong></span> <span class='ocrx_word' id='word_1_245' title='bbox 1698 2922 1957 3003; x_wconf 85' lang='grc' dir='ltr'><strong><em>ἡσύχως</em></strong></span> <span class='ocrx_word' id='word_1_246' title='bbox 2010 2945 2099 2991; x_wconf 94' lang='grc' dir='ltr'><strong><em>τις</em></strong></span> <span class='ocrx_word' id='word_1_247' title='bbox 2146 2921 2336 2992; x_wconf 84' lang='grc' dir='ltr'><strong><em>αὐτὸς</em></strong></span> <span class='ocrx_word' id='word_1_248' title='bbox 2391 2921 2607 3005; x_wconf 80' lang='grc' dir='ltr'><strong><em>(αὐτὸν</em></strong></span> <span class='ocrx_word' id='word_1_249' title='bbox 2653 2923 2755 3002; x_wconf 85' lang='lat' dir='ltr'><strong>al.)</strong></span> 
     </span>
     <span class='ocr_line' id='line_1_27' title="bbox 289 3010 2754 3094; baseline -0.001 -17"><span class='ocrx_word' id='word_1_250' title='bbox 289 3014 615 3077; x_wconf 75' lang='grc' dir='ltr'><strong><em>ἐντείνοντι</em></strong></span> <span class='ocrx_word' id='word_1_251' title='bbox 659 3012 779 3094; x_wconf 86' lang='grc' dir='ltr'><strong><em>μὲν</em></strong></span> <span class='ocrx_word' id='word_1_252' title='bbox 818 3011 828 3092; x_wconf 93' lang='grc' dir='ltr'>Ι</span> <span class='ocrx_word' id='word_1_253' title='bbox 869 3011 1087 3094; x_wconf 85' lang='grc' dir='ltr'><strong><em>χαλῶν</em></strong></span> <span class='ocrx_word' id='word_1_254' title='bbox 1131 3012 1403 3084; x_wconf 83' lang='grc' dir='ltr'><strong><em>ὑπείκοι,</em></strong></span> <span class='ocrx_word' id='word_1_255' title='bbox 1459 3010 1686 3093; x_wconf 88' lang='grc' dir='ltr'><strong><em>καιρὸν</em></strong></span> <span class='ocrx_word' id='word_1_256' title='bbox 1731 3011 2231 3094; x_wconf 81' lang='grc' dir='ltr'><strong><em>εὐλαβούμενος,</em></strong></span> <span class='ocrx_word' id='word_1_257' title='bbox 2272 3011 2281 3092; x_wconf 95' lang='grc' dir='ltr'>Ι</span> <span class='ocrx_word' id='word_1_258' title='bbox 2323 3013 2476 3081; x_wconf 89' lang='grc' dir='ltr'><strong><em>ἴσως</em></strong></span> <span class='ocrx_word' id='word_1_259' title='bbox 2521 3013 2601 3074; x_wconf 83' lang='grc' dir='ltr'><strong><em>ἂν</em></strong></span> <span class='ocrx_word' id='word_1_260' title='bbox 2649 3012 2754 3074; x_wconf 78' lang='grc' dir='ltr'><strong><em>ἐκ·</em></strong></span> 
     </span>
     <span class='ocr_line' id='line_1_28' title="bbox 288 3099 2754 3184; baseline -0.002 -17"><span class='ocrx_word' id='word_1_261' title='bbox 288 3100 592 3167; x_wconf 86' lang='grc' dir='ltr'><strong><em>πνεύσει’·</em></strong></span> <span class='ocrx_word' id='word_1_262' title='bbox 642 3101 792 3164; x_wconf 83' lang='grc' dir='ltr'><strong><em>ὅταν</em></strong></span> <span class='ocrx_word' id='word_1_263' title='bbox 840 3101 898 3165; x_wconf 89' lang='grc' dir='ltr'><strong><em>δ’</em></strong></span> <span class='ocrx_word' id='word_1_264' title='bbox 944 3101 1066 3184; x_wconf 80' lang='grc' dir='ltr'><strong><em>ἀνῇ</em></strong></span> <span class='ocrx_word' id='word_1_265' title='bbox 1097 3102 1298 3171; x_wconf 83' lang='grc' dir='ltr'><strong><em>πνοὰς</em></strong></span> <span class='ocrx_word' id='word_1_266' title='bbox 1329 3100 1515 3183; x_wconf 82' lang='grc' dir='ltr'><strong><em>(πνοὴ</em></strong></span> <span class='ocrx_word' id='word_1_267' title='bbox 1530 3100 1612 3180; x_wconf 77' lang='grc' dir='ltr'><strong><em>Ρ),</em></strong></span> <span class='ocrx_word' id='word_1_268' title='bbox 1656 3099 1663 3181; x_wconf 93' lang='grc' dir='ltr'>Ι</span> <span class='ocrx_word' id='word_1_269' title='bbox 1704 3100 1915 3183; x_wconf 90' lang='grc' dir='ltr'><strong><em>τύχοις</em></strong></span> <span class='ocrx_word' id='word_1_270' title='bbox 1960 3102 2040 3162; x_wconf 84' lang='grc' dir='ltr'><strong><em>ἂν</em></strong></span> <span class='ocrx_word' id='word_1_271' title='bbox 2070 3101 2265 3163; x_wconf 81' lang='grc' dir='ltr'><strong><em>αὑτοῦ</em></strong></span> <span class='ocrx_word' id='word_1_272' title='bbox 2312 3100 2553 3182; x_wconf 79' lang='grc' dir='ltr'><strong><em>ῥᾳδίως</em></strong></span> <span class='ocrx_word' id='word_1_273' title='bbox 2600 3101 2754 3164; x_wconf 86' lang='grc' dir='ltr'><strong><em>ὅσον</em></strong></span> 
     </span>
     <span class='ocr_line' id='line_1_29' title="bbox 289 3188 2752 3273; baseline -0.002 -17"><span class='ocrx_word' id='word_1_274' title='bbox 289 3193 515 3262; x_wconf 83' lang='grc' dir='ltr'><strong><em>θέλεις.</em></strong></span> <span class='ocrx_word' id='word_1_275' title='bbox 594 3189 745 3270; x_wconf 88' lang='lat' dir='ltr'>(Ubi</span> <span class='ocrx_word' id='word_1_276' title='bbox 803 3189 1280 3273; x_wconf 82' lang='lat' dir='ltr'><strong>corrigendum,</strong></span> <span class='ocrx_word' id='word_1_277' title='bbox 1333 3190 1400 3252; x_wconf 91' lang='lat' dir='ltr'><strong><em>ni</em></strong></span> <span class='ocrx_word' id='word_1_278' title='bbox 1455 3190 1664 3271; x_wconf 83' lang='lat' dir='ltr'><strong>fallor,</strong></span> <span class='ocrx_word' id='word_1_279' title='bbox 1721 3191 1780 3253; x_wconf 79' lang='grc' dir='ltr'><strong><em>εἰ</em></strong></span> <span class='ocrx_word' id='word_1_280' title='bbox 1838 3188 1897 3252; x_wconf 91' lang='grc' dir='ltr'><strong><em>δ’</em></strong></span> <span class='ocrx_word' id='word_1_281' title='bbox 1961 3189 2220 3272; x_wconf 85' lang='grc' dir='ltr'><strong><em>ἡσύχως</em></strong></span> <span class='ocrx_word' id='word_1_282' title='bbox 2283 3213 2370 3259; x_wconf 89' lang='grc' dir='ltr'><strong><em>τις</em></strong></span> <span class='ocrx_word' id='word_1_283' title='bbox 2433 3189 2540 3252; x_wconf 89' lang='grc' dir='ltr'><strong><em>τὸν</em></strong></span> <span class='ocrx_word' id='word_1_284' title='bbox 2603 3188 2752 3253; x_wconf 88' lang='grc' dir='ltr'><strong><em>πόδ’</em></strong></span> 
     </span>
     <span class='ocr_line' id='line_1_30' title="bbox 290 3277 2753 3361; baseline -0.001 -16"><span class='ocrx_word' id='word_1_285' title='bbox 290 3279 609 3345; x_wconf 80' lang='grc' dir='ltr'><strong><em>ἒνταθέντ’</em></strong></span> <span class='ocrx_word' id='word_1_286' title='bbox 655 3281 820 3361; x_wconf 88' lang='grc' dir='ltr'><strong><em>ἄγαν</em></strong></span> <span class='ocrx_word' id='word_1_287' title='bbox 855 3317 964 3353; x_wconf 87' lang='grc'><strong><em>-,</em></strong></span> <span class='ocrx_word' id='word_1_288' title='bbox 1013 3279 1153 3344; x_wconf 85' lang='lat' dir='ltr'><strong>coll.</strong></span> <span class='ocrx_word' id='word_1_289' title='bbox 1200 3298 1258 3343; x_wconf 81' lang='lat' dir='ltr'><strong>v.</strong></span> <span class='ocrx_word' id='word_1_290' title='bbox 1295 3279 1438 3343; x_wconf 89' lang='lat'><strong>706.</strong></span> <span class='ocrx_word' id='word_1_291' title='bbox 1485 3278 1592 3342; x_wconf 75' lang='grc' dir='ltr'><strong><em>καὶ</em></strong></span> <span class='ocrx_word' id='word_1_292' title='bbox 1638 3285 1794 3349; x_wconf 87' lang='grc' dir='ltr'><strong><em>ναῦς</em></strong></span> <span class='ocrx_word' id='word_1_293' title='bbox 1840 3277 1961 3360; x_wconf 85' lang='grc' dir='ltr'><strong><em>γὰρ</em></strong></span> <span class='ocrx_word' id='word_1_294' title='bbox 2008 3279 2335 3341; x_wconf 82' lang='grc' dir='ltr'><strong><em>ἐνταθεῖσα</em></strong></span> <span class='ocrx_word' id='word_1_295' title='bbox 2391 3277 2556 3361; x_wconf 84' lang='grc' dir='ltr'><strong><em>πρὸς</em></strong></span> <span class='ocrx_word' id='word_1_296' title='bbox 2610 3279 2753 3361; x_wconf 86' lang='grc' dir='ltr'><strong><em>βίαν</em></strong></span> 
     </span>
     <span class='ocr_line' id='line_1_31' title="bbox 288 3366 2755 3453; baseline -0.002 -19"><span class='ocrx_word' id='word_1_297' title='bbox 288 3371 444 3436; x_wconf 80' lang='grc' dir='ltr'><strong><em>ποδὶ</em></strong></span> <span class='ocrx_word' id='word_1_298' title='bbox 496 3372 505 3452; x_wconf 92' lang='grc' dir='ltr'>Ι</span> <span class='ocrx_word' id='word_1_299' title='bbox 556 3371 815 3453; x_wconf 77' lang='grc' dir='ltr'><strong><em>ἔβαψεν,</em></strong></span> <span class='ocrx_word' id='word_1_300' title='bbox 872 3370 1012 3452; x_wconf 82' lang='grc' dir='ltr'><strong><em>ἔστη</em></strong></span> <span class='ocrx_word' id='word_1_301' title='bbox 1063 3368 1122 3432; x_wconf 93' lang='grc' dir='ltr'><strong><em>δ’</em></strong></span> <span class='ocrx_word' id='word_1_302' title='bbox 1168 3366 1385 3443; x_wconf 87' lang='grc' dir='ltr'><strong><em>αὖθις,</em></strong></span> <span class='ocrx_word' id='word_1_303' title='bbox 1440 3371 1520 3451; x_wconf 86' lang='grc' dir='ltr'><strong><em>ἢν</em></strong></span> <span class='ocrx_word' id='word_1_304' title='bbox 1583 3368 1750 3451; x_wconf 83' lang='grc' dir='ltr'><strong><em>χαλᾷ</em></strong></span> <span class='ocrx_word' id='word_1_305' title='bbox 1809 3368 2022 3444; x_wconf 84' lang='grc' dir='ltr'><strong><em>πόδα.)</em></strong></span> <span class='ocrx_word' id='word_1_306' title='bbox 2115 3367 2427 3431; x_wconf 82' lang='lat' dir='ltr'><strong>Construe</strong></span> <span class='ocrx_word' id='word_1_307' title='bbox 2482 3368 2755 3451; x_wconf 78' lang='grc' dir='ltr'><strong><em>ἐγκρατῆ</em></strong></span> 
     </span>
     <span class='ocr_line' id='line_1_32' title="bbox 289 3454 2754 3542; baseline -0.002 -18"><span class='ocrx_word' id='word_1_308' title='bbox 289 3463 495 3530; x_wconf 85' lang='grc' dir='ltr'><strong><em>τείνας</em></strong></span> <span class='ocrx_word' id='word_1_309' title='bbox 541 3462 646 3542; x_wconf 78' lang='lat' dir='ltr'><strong>(se.</strong></span> <span class='ocrx_word' id='word_1_310' title='bbox 693 3459 857 3522; x_wconf 85' lang='grc' dir='ltr'><strong><em>ὥστε</em></strong></span> <span class='ocrx_word' id='word_1_311' title='bbox 902 3457 1092 3538; x_wconf 79' lang='grc' dir='ltr'><strong><em>εἶναι).</em></strong></span> <span class='ocrx_word' id='word_1_312' title='bbox 1236 3458 1408 3522; x_wconf 89' lang='grc' dir='ltr'><strong><em>πόδα</em></strong></span> <span class='ocrx_word' id='word_1_313' title='bbox 1454 3457 1683 3541; x_wconf 90' lang='grc' dir='ltr'><strong><em>τείνας]</em></strong></span> <span class='ocrx_word' id='word_1_314' title='bbox 1734 3454 1823 3519; x_wconf 82' lang='lat' dir='ltr'><strong>Cf.</strong></span> <span class='ocrx_word' id='word_1_315' title='bbox 1875 3457 2019 3519; x_wconf 92' lang='lat'><strong>711.</strong></span> <span class='ocrx_word' id='word_1_316' title='bbox 2065 3456 2137 3519; x_wconf 86' lang='grc' dir='ltr'><strong><em>τὸ</em></strong></span> <span class='ocrx_word' id='word_1_317' title='bbox 2180 3456 2272 3539; x_wconf 87' lang='grc' dir='ltr'><strong><em>μὴ</em></strong></span> <span class='ocrx_word' id='word_1_318' title='bbox 2320 3458 2530 3520; x_wconf 87' lang='grc' dir='ltr'><strong><em>τείνειν</em></strong></span> <span class='ocrx_word' id='word_1_319' title='bbox 2576 3457 2754 3538; x_wconf 89' lang='grc' dir='ltr'><strong><em>ἄγαν.</em></strong></span> 
     </span>
     <span class='ocr_line' id='line_1_33' title="bbox 294 3544 2753 3630; baseline -0.002 -17"><span class='ocrx_word' id='word_1_320' title='bbox 294 3553 444 3613; x_wconf 89' lang='grc'><strong>706.</strong></span> <span class='ocrx_word' id='word_1_321' title='bbox 491 3548 601 3612; x_wconf 82' lang='grc' dir='ltr'><strong><em>καὶ</em></strong></span> <span class='ocrx_word' id='word_1_322' title='bbox 645 3554 801 3618; x_wconf 84' lang='grc' dir='ltr'><strong><em>ναῦς</em></strong></span> <span class='ocrx_word' id='word_1_323' title='bbox 847 3546 968 3630; x_wconf 84' lang='grc' dir='ltr'><strong><em>γὰρ</em></strong></span> <span class='ocrx_word' id='word_1_324' title='bbox 1001 3548 1325 3612; x_wconf 80' lang='grc' dir='ltr'><strong><em>ἐνταθεῖσα</em></strong></span> <span class='ocrx_word' id='word_1_325' title='bbox 1362 3545 1527 3628; x_wconf 87' lang='grc' dir='ltr'><strong><em>πρὸς</em></strong></span> <span class='ocrx_word' id='word_1_326' title='bbox 1555 3547 1699 3630; x_wconf 89' lang='grc' dir='ltr'><strong><em>βίαν</em></strong></span> <span class='ocrx_word' id='word_1_327' title='bbox 1730 3546 1883 3609; x_wconf 81' lang='grc' dir='ltr'><strong><em>ποδὶ</em></strong></span> <span class='ocrx_word' id='word_1_328' title='bbox 1922 3547 1932 3627; x_wconf 98' lang='grc' dir='ltr'>Ι</span> <span class='ocrx_word' id='word_1_329' title='bbox 1973 3547 2231 3628; x_wconf 79' lang='grc' dir='ltr'><strong><em>ἔβαψεν,</em></strong></span> <span class='ocrx_word' id='word_1_330' title='bbox 2278 3547 2420 3628; x_wconf 81' lang='grc' dir='ltr'><strong><em>ἔστη</em></strong></span> <span class='ocrx_word' id='word_1_331' title='bbox 2458 3545 2516 3609; x_wconf 86' lang='grc' dir='ltr'><strong><em>δ’</em></strong></span> <span class='ocrx_word' id='word_1_332' title='bbox 2547 3544 2753 3618; x_wconf 79' lang='grc' dir='ltr'><strong><em>αὖθις,</em></strong></span> 
     </span>
     <span class='ocr_line' id='line_1_34' title="bbox 289 3634 2753 3721; baseline -0.002 -20"><span class='ocrx_word' id='word_1_333' title='bbox 289 3643 373 3721; x_wconf 81' lang='grc' dir='ltr'><strong><em>ἢν</em></strong></span> <span class='ocrx_word' id='word_1_334' title='bbox 420 3638 588 3721; x_wconf 81' lang='grc' dir='ltr'><strong><em>χαλᾷ</em></strong></span> <span class='ocrx_word' id='word_1_335' title='bbox 630 3637 820 3701; x_wconf 89' lang='grc' dir='ltr'><strong><em>πόδα.</em></strong></span> <span class='ocrx_word' id='word_1_336' title='bbox 867 3638 1001 3721; x_wconf 91' lang='lat' dir='ltr'><strong>Iph.</strong></span> <span class='ocrx_word' id='word_1_337' title='bbox 1048 3637 1111 3700; x_wconf 87' lang='grc' dir='ltr'><strong><em>Τ.</em></strong></span> <span class='ocrx_word' id='word_1_338' title='bbox 1157 3638 1344 3700; x_wconf 89' lang='lat'><strong>1135.</strong></span> <span class='ocrx_word' id='word_1_339' title='bbox 1391 3642 1545 3707; x_wconf 91' lang='grc' dir='ltr'><strong><em>ναῦς</em></strong></span> <span class='ocrx_word' id='word_1_340' title='bbox 1591 3636 1916 3699; x_wconf 87' lang='grc' dir='ltr'><strong><em>ἐνταθεῖσα</em></strong></span> <span class='ocrx_word' id='word_1_341' title='bbox 1964 3634 2152 3698; x_wconf 91' lang='grc' dir='ltr'><strong><em>πόδα.</em></strong></span> <span class='ocrx_word' id='word_1_342' title='bbox 2199 3634 2348 3697; x_wconf 86' lang='lat' dir='ltr'><strong>Eur.</strong></span> <span class='ocrx_word' id='word_1_343' title='bbox 2381 3635 2480 3699; x_wconf 82' lang='lat' dir='ltr'><strong>Fr.</strong></span> <span class='ocrx_word' id='word_1_344' title='bbox 2516 3636 2662 3715; x_wconf 87' lang='lat'><strong><em>340,</em></strong></span> <span class='ocrx_word' id='word_1_345' title='bbox 2700 3637 2753 3696; x_wconf 94' lang='lat' dir='ltr'><strong>l.</strong></span> 
     </span>
     <span class='ocr_line' id='line_1_35' title="bbox 291 3722 2755 3809; baseline -0.002 -18"><span class='ocrx_word' id='word_1_346' title='bbox 291 3728 549 3809; x_wconf 83' lang='grc' dir='ltr'><strong><em>Κύπρις</em></strong></span> <span class='ocrx_word' id='word_1_347' title='bbox 622 3727 744 3808; x_wconf 80' lang='grc' dir='ltr'><strong><em>γὰρ</em></strong></span> <span class='ocrx_word' id='word_1_348' title='bbox 818 3726 970 3790; x_wconf 83' lang='grc' dir='ltr'><strong><em>οὐδὲ</em></strong></span> <span class='ocrx_word' id='word_1_349' title='bbox 1024 3727 1495 3809; x_wconf 87' lang='grc' dir='ltr'><strong><em>νουθετουμένη</em></strong></span> <span class='ocrx_word' id='word_1_350' title='bbox 1561 3725 1751 3807; x_wconf 90' lang='grc' dir='ltr'><strong><em>χαλᾷ·</em></strong></span> <span class='ocrx_word' id='word_1_351' title='bbox 1793 3727 1801 3806; x_wconf 94' lang='grc' dir='ltr'>Ι</span> <span class='ocrx_word' id='word_1_352' title='bbox 1852 3727 1932 3806; x_wconf 86' lang='grc' dir='ltr'><strong><em>ἢν</em></strong></span> <span class='ocrx_word' id='word_1_353' title='bbox 1989 3724 2047 3787; x_wconf 86' lang='grc' dir='ltr'><strong><em>δ’</em></strong></span> <span class='ocrx_word' id='word_1_354' title='bbox 2104 3722 2186 3786; x_wconf 86' lang='grc' dir='ltr'><strong><em>αὗ</em></strong></span> <span class='ocrx_word' id='word_1_355' title='bbox 2231 3724 2448 3806; x_wconf 84' lang='grc' dir='ltr'><strong><em>βιάζῃ,</em></strong></span> <span class='ocrx_word' id='word_1_356' title='bbox 2513 3723 2755 3805; x_wconf 82' lang='grc' dir='ltr'><strong><em>μᾶλλον</em></strong></span> 
     </span>
     <span class='ocr_line' id='line_1_36' title="bbox 291 3812 2754 3899; baseline -0.002 -18"><span class='ocrx_word' id='word_1_357' title='bbox 291 3818 575 3881; x_wconf 82' lang='grc' dir='ltr'><strong><em>ἐντείνειν</em></strong></span> <span class='ocrx_word' id='word_1_358' title='bbox 619 3816 796 3899; x_wconf 89' lang='grc' dir='ltr'><strong><em>φιλεῖ.</em></strong></span> <span class='ocrx_word' id='word_1_359' title='bbox 845 3814 1117 3899; x_wconf 81' lang='lat' dir='ltr'><strong>Epicrat.</strong></span> <span class='ocrx_word' id='word_1_360' title='bbox 1165 3835 1324 3879; x_wconf 84' lang='lat' dir='ltr'><strong>com.</strong></span> <span class='ocrx_word' id='word_1_361' title='bbox 1371 3815 1486 3882; x_wconf 92' lang='lat' dir='ltr'><strong>III.</strong></span> <span class='ocrx_word' id='word_1_362' title='bbox 1537 3816 1682 3878; x_wconf 82' lang='lat'><strong>372.</strong></span> <span class='ocrx_word' id='word_1_363' title='bbox 1728 3812 1877 3883; x_wconf 88' lang='grc' dir='ltr'><strong><em>τοὺς</em></strong></span> <span class='ocrx_word' id='word_1_364' title='bbox 1923 3814 2138 3882; x_wconf 89' lang='grc' dir='ltr'><strong><em>κάλως</em></strong></span> <span class='ocrx_word' id='word_1_365' title='bbox 2183 3813 2363 3876; x_wconf 87' lang='grc' dir='ltr'><strong><em>ἔκλυε</em></strong></span> <span class='ocrx_word' id='word_1_366' title='bbox 2409 3813 2469 3893; x_wconf 92' lang='grc'><strong><em>(1.</em></strong></span> <span class='ocrx_word' id='word_1_367' title='bbox 2515 3836 2580 3876; x_wconf 93' lang='grc' dir='ltr'><strong><em>τε</em></strong></span> <span class='ocrx_word' id='word_1_368' title='bbox 2624 3813 2754 3890; x_wconf 90' lang='grc' dir='ltr'><strong><em>λῦε)</em></strong></span> 
     </span>
     <span class='ocr_line' id='line_1_37' title="bbox 289 3900 2752 3989; baseline -0.002 -19"><span class='ocrx_word' id='word_1_369' title='bbox 289 3907 402 3970; x_wconf 74' lang='grc' dir='ltr'><strong><em>καὶ</em></strong></span> <span class='ocrx_word' id='word_1_370' title='bbox 448 3906 610 3989; x_wconf 87' lang='grc' dir='ltr'><strong><em>χάλα</em></strong></span> <span class='ocrx_word' id='word_1_371' title='bbox 657 3904 847 3968; x_wconf 90' lang='grc' dir='ltr'><strong><em>πόδα.</em></strong></span> <span class='ocrx_word' id='word_1_372' title='bbox 894 3906 1088 3968; x_wconf 84' lang='lat' dir='ltr'><strong>Arist.</strong></span> <span class='ocrx_word' id='word_1_373' title='bbox 1135 3904 1250 3988; x_wconf 85' lang='lat' dir='ltr'><strong>Eq.</strong></span> <span class='ocrx_word' id='word_1_374' title='bbox 1283 3904 1431 3967; x_wconf 88' lang='grc'><strong>436.</strong></span> <span class='ocrx_word' id='word_1_375' title='bbox 1479 3904 1664 3985; x_wconf 85' lang='grc' dir='ltr'><strong><em>ἄθρει</em></strong></span> <span class='ocrx_word' id='word_1_376' title='bbox 1710 3904 1819 3966; x_wconf 78' lang='grc' dir='ltr'><strong><em>καὶ</em></strong></span> <span class='ocrx_word' id='word_1_377' title='bbox 1863 3908 1976 3966; x_wconf 91' lang='grc' dir='ltr'><strong><em>τοῦ</em></strong></span> <span class='ocrx_word' id='word_1_378' title='bbox 2023 3900 2228 3973; x_wconf 81' lang='grc' dir='ltr'><strong><em>ποδὸς</em></strong></span> <span class='ocrx_word' id='word_1_379' title='bbox 2272 3903 2496 3984; x_wconf 90' lang='grc' dir='ltr'><strong><em>παρίει.</em></strong></span> <span class='ocrx_word' id='word_1_380' title='bbox 2545 3901 2752 3986; x_wconf 87' lang='lat' dir='ltr'><strong>Apoll.</strong></span> 
     </span>
     <span class='ocr_line' id='line_1_38' title="bbox 289 3991 1673 4075; baseline -0.003 -15"><span class='ocrx_word' id='word_1_381' title='bbox 289 3995 495 4060; x_wconf 86' lang='lat' dir='ltr'><strong>Rhod.</strong></span> <span class='ocrx_word' id='word_1_382' title='bbox 544 3993 626 4058; x_wconf 88' lang='lat'><strong><em>11.</em></strong></span> <span class='ocrx_word' id='word_1_383' title='bbox 677 3994 823 4057; x_wconf 88' lang='lat'><strong>931.</strong></span> <span class='ocrx_word' id='word_1_384' title='bbox 901 3991 1017 4068; x_wconf 85' lang='lat' dir='ltr'><strong>Qu.</strong></span> <span class='ocrx_word' id='word_1_385' title='bbox 1066 3992 1313 4075; x_wconf 82' lang='lat' dir='ltr'><strong>Smyrn.</strong></span> <span class='ocrx_word' id='word_1_386' title='bbox 1361 3993 1478 4057; x_wconf 90' lang='lat' dir='ltr'><strong>IX.</strong></span> <span class='ocrx_word' id='word_1_387' title='bbox 1527 3995 1673 4057; x_wconf 85' lang='lat'><strong>438.</strong></span> 
     </span>
    </p>
   </div>
   <div class='ocr_carea' id='block_1_8' title="bbox 289 4097 2759 4275">
    <p class='ocr_par' dir='ltr' id='par_1_9' title="bbox 289 4097 2759 4275">
     <span class='ocr_line' id='line_1_39' title="bbox 478 4097 2759 4185; baseline -0.001 -19"><span class='ocrx_word' id='word_1_388' title='bbox 478 4103 622 4166; x_wconf 87' lang='lat'><strong>716.</strong></span> <span class='ocrx_word' id='word_1_389' title='bbox 670 4101 848 4165; x_wconf 87' lang='grc' dir='ltr'><strong><em>κάτω</em></strong></span> <span class='ocrx_word' id='word_1_390' title='bbox 895 4100 1202 4185; x_wconf 82' lang='grc' dir='ltr'><strong><em>στρέψας]</em></strong></span> <span class='ocrx_word' id='word_1_391' title='bbox 1260 4100 1348 4165; x_wconf 84' lang='lat' dir='ltr'><strong>Of.</strong></span> <span class='ocrx_word' id='word_1_392' title='bbox 1395 4100 1546 4164; x_wconf 82' lang='lat' dir='ltr'><strong>Eur.</strong></span> <span class='ocrx_word' id='word_1_393' title='bbox 1593 4099 1785 4165; x_wconf 81' lang='lat' dir='ltr'><strong>Herc.</strong></span> <span class='ocrx_word' id='word_1_394' title='bbox 1838 4100 2025 4163; x_wconf 87' lang='lat'><strong>1305.</strong></span> <span class='ocrx_word' id='word_1_395' title='bbox 2082 4097 2263 4181; x_wconf 87' lang='grc' dir='ltr'><strong><em>ἄνδρ’</em></strong></span> <span class='ocrx_word' id='word_1_396' title='bbox 2299 4097 2604 4169; x_wconf 87' lang='grc' dir='ltr'><strong><em>Ἑλλάδος</em></strong></span> <span class='ocrx_word' id='word_1_397' title='bbox 2648 4097 2759 4163; x_wconf 83' lang='grc' dir='ltr'><strong><em>τὸν</em></strong></span> 
     </span>
     <span class='ocr_line' id='line_1_40' title="bbox 289 4188 2755 4275; baseline -0.003 -18"><span class='ocrx_word' id='word_1_398' title='bbox 289 4199 555 4275; x_wconf 86' lang='grc' dir='ltr'><strong><em>πρῶτον</em></strong></span> <span class='ocrx_word' id='word_1_399' title='bbox 604 4228 685 4238; x_wconf 91' lang='grc'><strong><em>--</em></strong></span> <span class='ocrx_word' id='word_1_400' title='bbox 735 4191 874 4254; x_wconf 85' lang='grc' dir='ltr'><strong><em>ἄνω</em></strong></span> <span class='ocrx_word' id='word_1_401' title='bbox 919 4191 1096 4254; x_wconf 90' lang='grc' dir='ltr'><strong><em>κάτω</em></strong></span> <span class='ocrx_word' id='word_1_402' title='bbox 1143 4191 1483 4273; x_wconf 84' lang='grc' dir='ltr'><strong><em>στρέψασα.</em></strong></span> <span class='ocrx_word' id='word_1_403' title='bbox 1618 4190 1858 4260; x_wconf 87' lang='grc' dir='ltr'><strong><em>ὑπτίοις</em></strong></span> <span class='ocrx_word' id='word_1_404' title='bbox 1906 4227 1989 4235; x_wconf 88' lang='grc'><strong>-</strong></span> <span class='ocrx_word' id='word_1_405' title='bbox 2037 4188 2354 4273; x_wconf 88' lang='grc' dir='ltr'><strong><em>σέλμασιν]</em></strong></span> <span class='ocrx_word' id='word_1_406' title='bbox 2403 4188 2491 4252; x_wconf 89' lang='lat' dir='ltr'><strong>Cf.</strong></span> <span class='ocrx_word' id='word_1_407' title='bbox 2526 4189 2755 4253; x_wconf 79' lang='lat' dir='ltr'><strong>Aesch.</strong></span> 
     </span>
    </p>
   </div>
   <div class='ocr_carea' id='block_1_9' title="bbox 295 4279 2754 4450">
    <p class='ocr_par' dir='ltr' id='par_1_10' title="bbox 295 4279 2754 4450">
     <span class='ocr_line' id='line_1_41' title="bbox 295 4279 1969 4361; baseline -0.005 -14"><span class='ocrx_word' id='word_1_408' title='bbox 295 4283 468 4347; x_wconf 83' lang='lat' dir='ltr'><strong>Pers.</strong></span> <span class='ocrx_word' id='word_1_409' title='bbox 518 4282 666 4345; x_wconf 88' lang='lat'><strong>419.</strong></span> <span class='ocrx_word' id='word_1_410' title='bbox 713 4280 1010 4344; x_wconf 86' lang='grc' dir='ltr'><strong><em>ὑπτιοῦτο</em></strong></span> <span class='ocrx_word' id='word_1_411' title='bbox 1059 4279 1128 4343; x_wconf 86' lang='grc' dir='ltr'><strong><em>δὲ</em></strong></span> <span class='ocrx_word' id='word_1_412' title='bbox 1175 4280 1392 4361; x_wconf 81' lang='grc' dir='ltr'><strong><em>σκάφη</em></strong></span> <span class='ocrx_word' id='word_1_413' title='bbox 1441 4284 1620 4342; x_wconf 86' lang='grc' dir='ltr'><strong><em>νεῶν.</em></strong></span> <span class='ocrx_word' id='word_1_414' title='bbox 1959 4311 1969 4324; x_wconf 85' lang='grc'>·</span> 
     </span>
     <span class='ocr_line' id='line_1_42' title="bbox 474 4365 2754 4450; baseline -0.001 -18"><span class='ocrx_word' id='word_1_415' title='bbox 474 4372 620 4434; x_wconf 83' lang='grc'><strong>717.</strong></span> <span class='ocrx_word' id='word_1_416' title='bbox 667 4369 921 4433; x_wconf 84' lang='lat' dir='ltr'><strong>Ironice</strong></span> <span class='ocrx_word' id='word_1_417' title='bbox 968 4369 1226 4432; x_wconf 82' lang='lat' dir='ltr'><strong>dictum.</strong></span> <span class='ocrx_word' id='word_1_418' title='bbox 1305 4367 1393 4432; x_wconf 83' lang='lat' dir='ltr'><strong><em>cf.</em></strong></span> <span class='ocrx_word' id='word_1_419' title='bbox 1429 4369 1574 4430; x_wconf 89' lang='lat'><strong>311.</strong></span> <span class='ocrx_word' id='word_1_420' title='bbox 1612 4369 1707 4450; x_wconf 90' lang='lat' dir='ltr'><strong>Aj.</strong></span> <span class='ocrx_word' id='word_1_421' title='bbox 1748 4369 1892 4431; x_wconf 90' lang='lat'><strong>100.</strong></span> <span class='ocrx_word' id='word_1_422' title='bbox 2031 4366 2351 4450; x_wconf 82' lang='grc' dir='ltr'><strong><em>σέλμασιν]</em></strong></span> <span class='ocrx_word' id='word_1_423' title='bbox 2401 4365 2492 4431; x_wconf 81' lang='lat' dir='ltr'><strong>Cf.</strong></span> <span class='ocrx_word' id='word_1_424' title='bbox 2526 4366 2754 4430; x_wconf 80' lang='lat' dir='ltr'><strong>Aesch.</strong></span> 
     </span>
    </p>
   </div>
   <div class='ocr_carea' id='block_1_10' title="bbox 293 4453 2755 4634">
    <p class='ocr_par' dir='ltr' id='par_1_11' title="bbox 293 4453 2755 4634">
     <span class='ocr_line' id='line_1_43' title="bbox 293 4453 2755 4541; baseline -0.003 -16"><span class='ocrx_word' id='word_1_425' title='bbox 293 4461 463 4525; x_wconf 80' lang='lat' dir='ltr'><strong>Pers,</strong></span> <span class='ocrx_word' id='word_1_426' title='bbox 514 4461 662 4524; x_wconf 89' lang='lat'><strong>359.</strong></span> <span class='ocrx_word' id='word_1_427' title='bbox 730 4458 991 4541; x_wconf 87' lang='grc' dir='ltr'><strong><em>σέλμασι</em></strong></span> <span class='ocrx_word' id='word_1_428' title='bbox 1038 4458 1048 4540; x_wconf 94' lang='grc' dir='ltr'>Ι</span> <span class='ocrx_word' id='word_1_429' title='bbox 1098 4462 1264 4522; x_wconf 84' lang='grc' dir='ltr'><strong><em>νεῶν</em></strong></span> <span class='ocrx_word' id='word_1_430' title='bbox 1327 4457 1798 4539; x_wconf 76' lang='grc' dir='ltr'><strong><em>ἐπενθορόντες.</em></strong></span> <span class='ocrx_word' id='word_1_431' title='bbox 1981 4453 2388 4540; x_wconf 86' lang='grc' dir='ltr'><strong><em>ναυτίλλεται]</em></strong></span> <span class='ocrx_word' id='word_1_432' title='bbox 2456 4453 2549 4519; x_wconf 86' lang='lat' dir='ltr'><strong>Cf.</strong></span> <span class='ocrx_word' id='word_1_433' title='bbox 2606 4454 2755 4520; x_wconf 89' lang='lat' dir='ltr'><strong>Eur.</strong></span> 
     </span>
     <span class='ocr_line' id='line_1_44' title="bbox 295 4546 2749 4634; baseline -0.004 -20"><span class='ocrx_word' id='word_1_434' title='bbox 295 4550 394 4615; x_wconf 85' lang='lat' dir='ltr'><strong><em>Fr.</em></strong></span> <span class='ocrx_word' id='word_1_435' title='bbox 445 4552 592 4634; x_wconf 83' lang='lat'><strong>793,</strong></span> <span class='ocrx_word' id='word_1_436' title='bbox 641 4550 702 4611; x_wconf 88' lang='grc'><strong>2.</strong></span> <span class='ocrx_word' id='word_1_437' title='bbox 751 4548 831 4612; x_wconf 85' lang='grc' dir='ltr'><strong><em>οὗ</em></strong></span> <span class='ocrx_word' id='word_1_438' title='bbox 876 4548 1061 4614; x_wconf 87' lang='grc' dir='ltr'><strong><em>πάλιν</em></strong></span> <span class='ocrx_word' id='word_1_439' title='bbox 1107 4546 1496 4613; x_wconf 86' lang='grc' dir='ltr'><strong><em>ναυτίλλεται.</em></strong></span> <span class='ocrx_word' id='word_1_440' title='bbox 2738 4601 2749 4612; x_wconf 71' lang='grc'><strong><em>,</em></strong></span> 
     </span>
    </p>
   </div>
  </div>
 </body>
</html>
