3463 5287
1295 438 1546 485 onmrus
1594 437 1896 485 commane
2690 418 2818 482 259

547 600 735 663 1654.
783 604 901 681 γῆν
945 622 1009 662 τε
1053 596 1568 682 προσκυνοῢνθἼ
1636 595 1726 660 Cf.
1773 596 1940 662 Phil.
1990 598 2136 660 533.
2202 596 2296 660 El.
2352 596 2540 659 1374.
2588 596 2817 661 Aesch.

362 689 535 752 PerS.
585 687 731 751 500.
797 693 980 770 γαῖαν
1044 687 1322 768 οὐρανόν
1384 711 1448 751 τε
1493 690 1896 768 προσκυνῶν.
1961 684 2148 750 Hom.
2198 684 2312 748 Od.
2363 686 2420 767 5,
2470 685 2617 748 463.
2665 685 2820 749 κύσε

365 777 434 840 δὲ
481 777 791 858 ζείδωρον
854 777 1155 858 ἄρουραν.
1221 777 1413 841 Arist.
1462 774 1578 858 Eq.
1630 776 1775 839 156.
1840 776 2046 838 ἔπειτα
2112 774 2226 857 τὴν
2280 779 2398 857 γῆν
2451 773 2820 857 πρόσκυσον

361 867 469 930 καὶ
513 865 659 937 τοὺς
704 866 916 937 θεούς.
967 866 1057 929 ΡΙ.
1110 867 1253 929 771.
1310 865 1418 929 καὶ
1463 870 1814 947 προσκυνῶ
1860 888 1930 947 γε
1974 868 2197 947 πρῶτα
2242 863 2363 946 μὲν
2406 862 2515 927 τὸν
2560 863 2755 946 ἥλιον,
2805 860 2816 949 Ι

363 957 568 1020 ἔπειτα
615 962 852 1039 σεμνῆς
895 954 1240 1026 Παλλάδος
1284 954 1528 1019 κλεινὸν
1573 955 1789 1028 πέδον,
1837 953 1963 1017 κτλ.

545 1046 732 1110 1655.
780 1045 848 1108 ἐν
894 1045 1103 1126 ταύτῷ
1147 1041 1353 1130 λόγῳ]
1404 1043 1490 1108 Cf.
1538 1044 1633 1108 El.
1687 1044 1875 1107 1088.
1922 1043 1990 1106 ἐν
2035 1042 2125 1106 ἑνὶ
2170 1042 2361 1125 λόγῳ.

546 1135 733 1198 1659.
781 1132 1142 1218 ἐξέπραξεν]
1210 1132 1637 1198 Interfecit.
1723 1131 1929 1197 Schol.
1996 1131 2248 1196 ἀνεῖλεν.
2335 1131 2385 1196 I.
2435 1150 2492 1214 q.
2567 1131 2817 1195 ὤλεσεν.

364 1223 453 1288 Cf.
502 1223 725 1288 Aesch.
773 1225 892 1307 Ag.
946 1224 1133 1287 1275.
1191 1224 1532 1306 ἔκπράξων
1578 1223 1707 1306 ἐμέ.
1766 1221 1918 1286 Eur.
1966 1219 2121 1286 Hoc.
2172 1222 2319 1284 515.
2375 1226 2518 1291 πῶς
2573 1220 2680 1284 καὶ
2724 1245 2820 1284 νιν

364 1314 764 1394 ἕξεπράξατ’;

550 1419 717 1483 1661
752 1439 845 1503 sq.
912 1419 1075 1484 Cum
1138 1420 1240 1483 his
1304 1420 1526 1484 confer
1579 1419 2008 1483 narrationem
2066 1416 2145 1482 de
2190 1417 2564 1502 Amphiarai
2619 1423 2820 1482 morte

363 1510 530 1593 apud
586 1509 768 1573 Pind.
824 1508 902 1573 N.
958 1509 1075 1573 IX.
1124 1511 1226 1572 24.
1293 1509 1331 1573 ό
1397 1508 1455 1572 δ’
1510 1509 1833 1591 Ἀμφιάρῃ
1899 1508 2146 1590 σχίσσεν
2209 1515 2507 1590 κεραυνῷ
2568 1508 2819 1590 παμβίᾳ

366 1597 530 1670 Ζεὺς
571 1598 684 1663 τὰν
727 1599 1165 1682 βαθύστερνον
1210 1598 1418 1681 χθόνα
1465 1599 1713 1682 κρύψεν
1759 1597 1828 1661 θ’
1874 1596 1987 1680 ἅμ’
2034 1598 2263 1667 ἵπποις.
2322 1602 2386 1661 et
2430 1595 2524 1659 El.
2564 1596 2692 1660 836
2726 1615 2817 1678 sq.

547 1689 733 1752 1661.
780 1686 1122 1772 ἀλύπητον]
1192 1688 1485 1772 Anglioe,
1556 1687 1881 1751 without
1951 1688 2269 1770 causing
2332 1685 2535 1769 pain,
2612 1687 2818 1749 activo

364 1797 556 1842 sensu
605 1783 676 1842 ut
720 1777 1083 1860 ἀνάλγητος.

545 1867 733 1931 1662.
780 1866 1121 1952 ἀλύπητον]
1190 1864 1276 1930 Cf.
1340 1867 1436 1931 Tr.
1489 1866 1633 1930 167.
1707 1866 1825 1948 ζῆν
1898 1864 2202 1948 ἀλυπήτῳ
2272 1864 2398 1948 βίῳ
2463 1864 2818 1947 (ἀλύπητον

360 1956 590 2040 βίων).

547 2064 734 2128 1663.
783 2062 1138 2148 στενακτδς]
1187 2062 1424 2127 Confer
1459 2062 1715 2134 αἰακτός
1747 2063 1979 2128 Aesch.
2009 2062 2183 2127 Pers.
2220 2061 2364 2125 931.
2397 2060 2547 2124 Eur.
2579 2059 2816 2125 Phoen.

370 2154 560 2217 1321.
619 2152 956 2217 στενακτὰν
1012 2151 1242 2236 ἰακχὰν
1289 2190 1371 2198 ——
1420 2152 1751 2236 θρηνήσω.
1932 2150 2049 2216 σὺν
2102 2150 2313 2221 νόσοις
2367 2149 2679 2235 ἀλγεινὸς]
2728 2149 2816 2214 Cf.

364 2242 435 2307 O.
468 2242 539 2306 R.
594 2244 692 2306 17.
741 2243 801 2306 οῖ
848 2242 918 2306 δὲ
964 2241 1080 2306 σὺν
1127 2244 1294 2325 γήρᾳ
1338 2243 1569 2324 βαρεῖς.
1626 2243 1775 2306 Ant.
1825 2242 1971 2306 809.
2020 2241 2163 2305 οὔτε
2207 2241 2472 2323 φθινάσι
2516 2240 2816 2323 πληγεῖσα

364 2333 588 2403 νόσοις.
637 2330 995 2396 Mimnerm.
1042 2329 1142 2394 Fr.
1192 2331 1248 2394 6.
1296 2332 1367 2394 αἰ
1406 2330 1528 2413 γὰρ
1560 2331 1706 2413 ἄτερ
1747 2331 2001 2395 νούσων
2029 2354 2095 2394 τε
2124 2330 2302 2412 (μεῗ)
2349 2329 2456 2393 καὶ
2486 2329 2818 2411 ἀργαλέων

358 2421 746 2504 μελεδώνων
786 2423 795 2505 Ι
837 2421 1246 2504 ἑξηκονταέτη
1284 2427 1480 2504 μοῖρα
1512 2421 1677 2503 κίχοι
1708 2421 2010 2485 θανάτου.
2058 2419 2307 2484 Aelian.
2339 2417 2420 2483 H.
2453 2420 2531 2482 A.
2564 2418 2678 2483 IX.
2715 2420 2816 2482 62.

360 2510 469 2575 τὸν
512 2512 655 2594 βίον
700 2512 1082 2593 κατέστρεψε
1130 2547 1211 2556 -
1261 2509 1477 2592 ἀλγῶν
1523 2510 1674 2574 οὐδὲ
1721 2511 1807 2574 ἔν.

547 2618 733 2682 1664.
781 2619 845 2682 εἴ
886 2642 973 2689 τις
1026 2619 1279 2701 βροτῶν
1333 2616 1744 2703 θαυμαστός]
1822 2615 1914 2682 Cf.
1959 2617 2055 2681 Tr.
2106 2616 2162 2679 7.
2228 2615 2424 2680 ὄκνον
2473 2614 2483 2698 Ι
2532 2615 2818 2698 ἄλγιστον

365 2711 571 2792 ἔσχον,
618 2710 682 2772 εἴ
714 2732 802 2779 τις
846 2707 1114 2778 Αἰτωλὶς
1161 2708 1334 2790 γυνή.
1384 2709 1483 2791 Aj.
1531 2709 1678 2772 488.
1724 2707 1983 2773 Theocr.
2031 2704 2245 2791 Epigr.
2279 2703 2461 2768 XVI.
2496 2708 2553 2769 4.
2601 2706 2815 2770 Elmsl.

361 2800 439 2863 ad
489 2797 560 2862 Ο.
594 2796 659 2861 C.
712 2799 855 2861 733.
901 2797 1123 2862 Valok.
1171 2797 1252 2860 ad
1298 2797 1535 2862 Phoen.
1588 2798 1776 2861 1589.

546 2887 713 2950 1665
746 2906 838 2970 sq.
887 2886 978 2951 Cf.
1017 2886 1118 2969 Aj.
1157 2886 1340 2950 1038.
1389 2887 1520 2968 ὅτῳ
1567 2886 1636 2949 δὲ
1680 2886 1773 2970 μὴ
1821 2885 1958 2949 τάδ’
2006 2885 2164 2949 ἐστὶν
2211 2886 2278 2948 ἐν
2324 2885 2551 2967 γνώμῃ
2598 2885 2767 2967 φίλα,
2804 2881 2812 2973 Ι

361 2977 566 3047 κεῖνός
609 2977 662 3040 τ’
710 2977 914 3040 ἐκεῖνα
963 2976 1267 3057 στεργέτω
1313 2976 1497 3057 κάγὼ
1543 2976 1707 3039 τάδε.
1757 2978 1907 3039 Ant.
1954 2974 2082 3038 469
2115 2993 2207 3056 sq.

545 3066 731 3129 1666.
778 3064 1117 3149 παρείμην]
1185 3063 1389 3128 Schol.
1446 3066 2002 3148 παραχωρήσαιμι.
2094 3063 2183 3127 Of.
2248 3061 2397 3127 Eur.
2455 3061 2619 3129 Med.
2668 3066 2814 3128 892.

360 3156 760 3238 παριέμεσθα
807 3156 915 3218 καὶ
959 3154 1173 3237 φαμὲν
1218 3159 1442 3225 κακῶς
1487 3160 1763 3237 φρονεῖν.
1819 3154 1976 3217 Tim.
2008 3152 2159 3216 Lex.
2205 3151 2533 3235 παρίεμαι;
2583 3176 2812 3236 παραι-

360 3268 604 3328 τουμαι.

546 3353 732 3416 1667.
779 3353 841 3415 οῖ
883 3352 1376 3434 προπέμψαντες
1421 3348 1647 3434 φίλων]
1698 3349 1787 3414 Cf.
1837 3353 1984 3414 Ant.
2022 3349 2166 3413 765.
2214 3355 2340 3419 τοῖς
2385 3349 2643 3414 θέλουσι
2686 3354 2816 3414 τῶν

361 3443 581 3525 φίλων.
631 3441 797 3507 Xen.
844 3443 968 3505 An.
1016 3440 1063 3503 I.
1114 3443 1171 3503 5.
1225 3442 1324 3504 15.
1391 3440 1506 3504 σὺν
1568 3446 1695 3511 τοῖς
1750 3446 2026 3523 παροῦσι
2079 3444 2208 3502 τῶν
2262 3444 2516 3502 πιστῶν.
2652 3463 2812 3520 προ-

361 3530 1186 3694 3‘5‘3302‘551..‘33.A5⁸⁰¹²·
1214 3532 1402 3701 1⁸55&
1445 3531 1663 3683 ὲοὲῗ..
1708 3531 1868 3682 ‘⁴35⁸
1890 3529 2329 3682 Psssszmssss'ffw
2393 3529 2492 3591 ἐπὶ
2553 3528 2814 3611 τύμβο

548 3710 733 3773 1668.
781 3643 1173 3793 ἀσήμζνῗιῗ
1205 3727 1261 3790 q.
1310 3643 1574 3792 ἄσημές.
1620 3643 1913 3774 Τὲπ866.
1961 3708 2107 3790 ἠχεῖ
2142 3731 2230 3777 τις
2277 3707 2397 3770 οὐκ
2444 3706 2697 3790 ἄσημον
2731 3745 2814 3753 -

361 3800 669 3864 κωκυτόν.
749 3801 891 3863 Ant.
944 3799 1130 3862 1004.
1203 3803 1454 3880 πτερῶν
1519 3797 1640 3880 γὰρ
1705 3797 1966 3881 ῥοῖβδος
2038 3797 2159 3861 οὐκ
2224 3797 2472 3880 ἄσημος
2537 3795 2631 3880 ἦν.
2710 3796 2815 3862 Sic

362 3888 692 3972 ὅμαιμος
738 3894 802 3953 et
845 3888 1214 3971 ὁμαίμων.

545 3996 732 4059 1671.
781 3997 858 4059 οὗ
902 3995 974 4059 τὸ
1019 3995 1155 4077 μὲν,
1202 3993 1356 4057 ἄλλο
1405 3994 1474 4058 δὲ
1518 3993 1645 4079 μὴ]
1695 3993 1787 4059 Of.
1829 3994 1981 4058 Eur.
2015 3992 2156 4059 Hel.
2193 3993 2337 4056 647.
2370 3994 2587 4074 (952Ρ)
2637 3993 2814 4056 δυοῖν

363 4085 484 4168 γὰρ
532 4086 738 4149 ὄντοιν
783 4085 902 4167 οὐχ
949 4084 987 4148 ό
1032 4084 1151 4166 μὲν
1195 4083 1472 4166 τλήμων,
1519 4084 1557 4146 ὁ
1606 4084 1662 4147 δ’
1710 4086 1804 4148 οὔ.
1854 4082 2090 4147 Phoen.
2144 4083 2330 4146 1665.
2379 4082 2606 4146 Aesch.
2641 4082 2813 4147 PerS.

364 4176 510 4238 807.
561 4174 886 4257 συμβαίνει
934 4174 1056 4257 γὰρ
1103 4173 1181 4237 οὗ
1226 4172 1300 4235 τὰ
1346 4173 1484 4255 μὲν,
1530 4172 1603 4235 τὰ
1653 4173 1709 4236 δ’
1748 4174 1842 4236 οὔ.
1889 4171 2125 4236 Herod.
2158 4171 2240 4235 II.
2276 4172 2376 4234 37.
2426 4172 2546 4234 οὐκ
2593 4171 2631 4234 ὁ
2675 4172 2812 4253 μὲν,

367 4263 404 4326 ὁ
452 4264 509 4327 δ’
558 4267 663 4337 οὒ,
712 4263 865 4326 ἀλλὰ
912 4264 1155 4333 πάντες.
1204 4261 1386 4325 Pind.
1432 4260 1508 4324 N.
1557 4261 1699 4325 VII.
1752 4265 1852 4324 54.
1898 4261 2193 4344 λαχόντες
2238 4260 2276 4324 δ
2321 4259 2441 4343 μὲν
2485 4260 2586 4333 τὰ,
2632 4260 2706 4322 τὰ
2756 4260 2812 4323 δ’

362 4352 552 4417 ἄλλοι.
689 4355 973 4436 ἔμφυτον
1019 4390 1102 4399 -
1151 4349 1342 4434 αἷμα]
1410 4350 1834 4416 Scelestum
1891 4351 2134 4434 patris
2180 4355 2439 4414 satum.
2489 4349 2811 4430 (Brunck.)

362 4440 450 4506 Cf.
498 4442 569 4507 Ο.
600 4441 673 4505 R.
726 4444 913 4507 1406.
978 4441 1111 4525 αἷμ’
1159 4440 1482 4523 ἐμφύλιον.
1546 4439 1698 4505 Eur.
1747 4439 1844 4503 Fr.
1893 4442 2040 4515 444,
2087 4442 2143 4502 2.
2209 4444 2338 4502 τῶν
2393 4439 2697 4522 ἐμφύτων
2750 4462 2814 4502 τε

359 4532 466 4596 καὶ
511 4532 842 4616 θεηλάτων
887 4538 1129 4595 κακῶν.

2257 4636 2385 4701 17*
