3463 5287
627 403 757 469 398
1656 420 2047 477 muneram

623 580 851 664 χειρός.
896 579 1077 664 Trag.
1111 580 1320 664 adesp.
1360 580 1505 643 165.
1552 580 1897 662 αὐτόχθων
1942 581 2106 645 ἑστία
2155 578 2533 663 (Χείρωνος,
2581 580 2622 642 i.
2669 599 2721 644 θ.
2769 600 2806 645 a
2855 580 3084 645 dwel-

624 671 790 755 ling
836 687 928 734 on
985 668 1109 735 the
1164 669 1343 734 baro
1391 670 1733 753 ground).
1783 670 1957 753 Virg.
2007 672 2166 734 Aen.
2214 669 2260 733 Ι.
2313 670 2457 732 167.
2507 670 2810 753 ‘vivoque
2855 670 3085 734 sedilia

624 760 821 824 saxo)
959 759 1414 843 φλαυρουργοῢ
1448 757 1565 841 -]
1614 756 1700 821 Of.
1731 759 1989 823 Theoor.
2021 759 2233 844 Epigr.
2265 758 2377 821 IV.
2413 760 2469 822 3.
2507 759 2767 823 σύκινον
2797 760 3083 842 εὑρήσεις

626 849 997 931 ἀρτιγλυφὲς
1045 849 1277 922 ξόανον
1318 849 1326 931 Ι
1367 848 1677 932 τρισκελὲς
1721 848 2105 930 αὐτόφλοιον
2136 848 2261 912 κτλ.
2309 846 2495 932 Diph.
2529 846 2639 912 IV.
2666 848 2814 911 414.
2862 849 3084 918 πολιὸς

626 942 808 1019 (corr.
857 937 1123 1020 φαῦλος)
1168 939 1441 1021 τεχνίτης
1496 937 1654 1001 ἐστὶν
1701 938 1738 1000 ὅ
1785 939 2043 1021 χρόνος,
2100 936 2158 1001 ὦ
2205 939 2357 1012 ξένε.
2405 936 2666 1002 Hesiod.
2714 936 2885 1001 Scut.
2933 938 3078 1001 297.

623 1027 798 1110 παρὰ
847 1027 919 1091 δέ
962 1051 1171 1110 σφισιν
1217 1029 1411 1111 ὄρχος
1451 1027 1460 1109 Ι
1501 1027 1770 1109 χρύσεος
1816 1027 1911 1106 ἦν,
1967 1027 2159 1091 κλυτὰ
2217 1029 2371 1109 ἔργα
2421 1029 2810 1111 περίφρονος
2846 1026 3078 1110 Ἡφαί-

625 1141 811 1181 στοιο.
862 1117 1051 1180 Arist.
1098 1116 1197 1179 Fr.
1246 1116 1392 1179 698.
1438 1116 1888 1199 φαυλουργοὺς
1933 1119 2263 1200 (τεχνίτας).

806 1206 906 1269 36.
953 1205 1315 1291 τεχνήματ’]
1373 1204 1496 1269 Pro
1542 1207 1837 1289 τέχνημα.
1916 1204 2021 1269 Sic
2067 1206 2217 1269 Eur.
2265 1207 2464 1269 Andr.
2517 1207 2707 1270 1274.
2754 1204 2814 1270 ὦ
2859 1207 3078 1279 πότνι’,

625 1293 684 1358 ὦ
732 1301 980 1377 γενναῖα
1028 1296 1537 1378 συγκοιμήματα,
1580 1296 1588 1379 Ι
1628 1294 1908 1378 Νηρέως
1955 1296 2271 1377 γένεθλον.
2316 1295 2509 1379 Hipp.
2555 1297 2652 1359 ll.
2694 1295 3078 1367 Ἱππόλυτος,

625 1386 833 1466 ἁγνοῦ
870 1383 1168 1455 Πιτθέως
1212 1386 1624 1467 παιδεύματα.
1703 1385 1792 1448 Cf.
1843 1383 1913 1448 Ο.
1948 1383 2013 1447 C.
2061 1386 2205 1448 472.
2262 1386 2573 1468 κρατῆρές
2628 1386 2796 1458 εἶσιν,
2844 1383 3079 1467 ἀνδρὸς

626 1476 908 1556 εὔχειρος
952 1475 1152 1557 τέχνη.
1288 1473 1532 1557 πυρεῖ’]
1591 1474 1682 1538 Cf.
1729 1474 1984 1537 Theocr.
2034 1476 2137 1555 22,
2187 1475 2289 1537 33.
2336 1475 2630 1556 ἐκβάντες
2678 1474 2735 1538 δ’
2784 1474 2885 1537 ἐπὶ
2929 1475 3076 1587 θῖνα

628 1601 711 1610 --
760 1565 944 1635 εὐνάς
989 1564 1041 1626 τ’
1089 1563 1457 1645 ἐστόρνυντο
1502 1564 1772 1644 πυρεῖά
1817 1587 1881 1626 τε
1926 1564 2138 1646 χερσὶν
2183 1564 2477 1646 ἐνώμων

807 1655 907 1716 37.
954 1651 1397 1736 θησαύρισμα]
1465 1650 1555 1714 Cf.
1611 1651 1762 1715 Eur.
1818 1651 1917 1716 Fr.
1975 1655 2078 1716 44.
2153 1650 2230 1715 οὗ
2298 1653 2419 1736 γὰρ
2484 1653 2561 1717 σὺ
2627 1655 2816 1728 σώζει
2880 1652 3075 1736 σεμνὰ

626 1744 1112 1825 θησαυρίσματα
1153 1741 1162 1825 Ι
1204 1747 1474 1824 χρυσοῦ,
1519 1742 1646 1805 κτλ.

808 1833 908 1895 38.
956 1831 1145 1917 ἄλλα]
1192 1831 1241 1894 Ι.
1291 1850 1341 1895 e.
1397 1837 1810 1914 praeterea.
1889 1829 1975 1895 Cf.
2025 1830 2094 1895 O.
2127 1831 2199 1895 R
2251 1835 2306 1895 7.
2354 1830 2505 1895 Eur.
2553 1832 2696 1896 Hel.
2735 1832 2878 1896 113.
2923 1832 3073 1914 χρό-

626 1946 738 1991 νον
786 1920 844 1985 δ’
891 1921 1154 2004 ἐμείνατ’
1201 1921 1391 1983 ἄλλον
1436 1920 1503 1983 έν
1554 1920 1747 2002 Τροίᾳ
1792 1921 2027 1997 πόσον,·
2076 1922 2267 1985 Arist.
2312 1920 2456 1984 Pac.
2492 1922 2637 1984 760.
2684 1921 2847 2004 ὑπὲρ
2893 1922 3078 2003 ὑμῶν

626 2011 988 2093 πολεμίζων
1022 2046 1105 2056 -
1137 2010 1244 2074 καὶ
1288 2015 1416 2073 τῶν
1453 2010 1662 2073 ἄλλων
1693 2012 1925 2093 νήσων.
2062 2010 2399 2095 θάλπεται]
2448 2010 2540 2074 Cf.
2573 2009 2723 2073 Eur.
2756 2009 2899 2074 Hel.
2936 2012 3077 2073 183.

626 2103 848 2183 ἔτυχον
881 2138 964 2147 —
999 2100 1176 2164 ἁλίου
1222 2100 1502 2170 πέπλους
1547 2100 1832 2181 αὐγαῖσιν
1879 2101 1948 2163 ἓν
1992 2106 2150 2164 ταῖσι
2195 2102 2552 2182 χρυσέαισιν
2593 2101 2601 2183 Ι
2641 2100 2975 2164 θάλπουσ’.

808 2192 908 2254 39.
955 2188 1311 2272 νοσηλείας]
1377 2187 1585 2253 801101.
1640 2195 1751 2271 τῆς
1807 2190 1877 2252 ἐκ
1937 2189 2128 2253 νόσου
2186 2190 2603 2271 ἀκαθαρσίας.
2683 2188 2773 2254 Cf.
2821 2189 3075 2253 Anaxil.

628 2299 785 2344 com.
832 2278 946 2343 III.
998 2280 1143 2342 346.
1191 2280 1499 2343 συσσίτιον
1542 2278 1786 2360 μέλλεις
1831 2279 2220 2360 νοσηλεύειν,·
2353 2277 2546 2362 πλέα]
2594 2278 2685 2342 Of.
2732 2278 2901 2343 Xon.
2935 2278 3077 2360 Cyr.

627 2369 674 2433 Ι.
711 2371 766 2432 3.
803 2371 858 2431 5.
906 2368 1056 2431 ὅταν
1104 2367 1173 2431 δὲ
1218 2368 1460 2432 τούτων
1514 2367 1677 2437 τινὸς
1721 2368 1935 2450 θίγῃς,
2000 2368 2192 2438 ἐνθὺς
2256 2368 2681 2450 ἀποκαθαίρει
2736 2369 2849 2451 τὴν
2903 2374 3077 2451 χεῖρα

627 2460 713 2527 εἰς
765 2457 840 2520 τὰ
895 2458 1349 2540 χειρόμακτρα,
1407 2456 1499 2526 ὡς
1553 2457 1721 2520 πάνυ
1779 2457 2142 2539 ἀχθόμενος
2198 2457 2288 2520 ὅτι
2333 2458 2516 2522 πλέα
2566 2481 2664 2521 σοι
2711 2457 2822 2520 ἀπ’
2869 2459 3078 2520 αὐτῶν

626 2548 884 2629 ἐγένετο.

808 2637 892 2701 40
925 2656 1016 2719 sq.
1065 2635 1158 2701 Of.
1205 2635 1400 2700 Arist.
1446 2636 1567 2700 AV.
1607 2636 1793 2701 1183.
1842 2636 2039 2721 αἰθὴρ
2088 2636 2352 2701 δονεῖται
2405 2642 2519 2701 τοῦ
2567 2637 2726 2702 θεοῦ
2774 2637 3077 2720 ζητουμέ-

629 2747 770 2790 νου·
812 2724 822 2811 Ι
863 2726 1039 2790 κᾶστ’
1087 2726 1164 2790 οὗ
1209 2725 1469 2809 μακρὰν
1514 2727 1800 2799 ἄπωθεν,
1849 2727 1983 2790 ἀλλ’
2031 2727 2307 2791 ἐνταῦθά
2352 2751 2482 2791 που
2525 2727 2533 2810 Ι
2574 2727 2698 2810 ἤδη
2753 2726 2917 2790 ’στίν.

807 2819 910 2880 42.
956 2816 1273 2900 προσβαίη
1320 2814 1603 2899 μακρὰν]
1659 2815 1878 2880 Redde
1935 2816 2196 2900 procul
2250 2817 2709 2901 perveniret.
2789 2814 2882 2879 Cf.
2930 2815 3080 2878 Eur.

629 2903 724 2967 El.
773 2905 920 2969 490.
986 2904 1079 2975 ὡς
1141 2904 1494 2988 πρόσβασιν
1556 2905 1746 2968 τῶνδ’
1804 2904 2032 2988 ὀρθίαν
2097 2907 2297 2970 οἴκων
2360 2907 2484 2988 ἔχει
2533 2906 2546 2992 Ι
2595 2906 2776 2988 ῥυσῷ
2841 2906 3081 2990 γέροντι

628 2995 795 3077 τῷδε
838 2996 1197 3078 προσβῆναι
1241 2994 1399 3058 ποδί
1438 2994 1497 3075 (f.
1544 2994 1755 3076 πόδα).

809 3086 911 3148 43.
960 3084 1061 3148 ἐπὶ
1106 3085 1360 3168 φορβῆς
1405 3083 1627 3147 νόστον
1674 3084 2072 3169 ἐξελήλυθεν]
2122 3084 2212 3149 Of.
2248 3087 2394 3148 Ant.
2432 3086 2620 3148 1184.
2660 3083 2825 3167 πρὸς
2855 3084 3082 3158 ἔξοδον

630 3175 972 3257 στείχουσα.
1017 3172 1114 3236 Τι’.
1168 3175 1310 3237 159.
1374 3172 1649 3244 πολλοὺς
1713 3174 1970 3256 ἀγῶνας
2033 3175 2235 3248 ἐξιών.
2300 3175 2399 3257 Aj.
2458 3174 2604 3238 290.
2667 3176 2727 3236 τί
2774 3174 2947 3258 τήνδ’
2995 3211 3079 3220 —

632 3265 938 3347 ἀφορμᾷς
983 3269 1205 3344 πεῖραν
1238 3287 1357 3337 -,·
1404 3263 1595 3326 Arist.
1632 3266 1748 3325 Av.
1788 3264 1973 3327 1398.
2020 3263 2153 3328 τοτὲ
2198 3263 2318 3346 μὲν
2362 3265 2571 3328 νοτίαν
2618 3265 2880 3346 στείχων
2918 3262 3084 3344 πρὸς

632 3352 805 3427 ὁδὸν,
852 3353 977 3418 κτλ.
1024 3351 1174 3416 Eur.
1207 3350 1378 3434 Cycl.
1418 3353 1516 3415 13.
1564 3353 1890 3417 ναυστολῶ
1932 3352 1941 3437 Ι
1982 3354 2169 3417 σέθεν
2198 3351 2359 3417 κατὰ
2394 3354 2664 3436 ζήτησιν.
2709 3352 2900 3437 Hipp.
2934 3353 3081 3415 233.

624 3442 735 3512 ,ἐπὶ
778 3443 989 3525 θήρας
1017 3442 1233 3506 πόθον
1264 3441 1565 3505 ἐστέλλου
1612 3441 1746 3524 Iph.
1770 3442 1833 3504 Τ.
1862 3442 2048 3505 1034.
2082 3449 2197 3525 γῆς
2225 3442 2531 3525 πατρῴας
2560 3442 2796 3513 νόστος.
2844 3441 3082 3505 Phoen.

622 3532 824 3608 ,1379.
869 3530 1032 3615 ᾖξαν
1071 3531 1375 3614 δράμημα
1410 3529 1616 3594 δεινὸν
1661 3531 1970 3614 ἀλλήλους
2016 3531 2546 3596 ffn1.Thu0.V11.
2581 3534 2638 3594 4.
2686 3532 2786 3595 ἐπὶ
2831 3553 3081 3613 φρυγα-

631 3621 855 3704 νισμὸν
900 3622 1034 3703 ἅμα
1081 3620 1272 3685 ὁπότε
1318 3619 1649 3694 ἐξέλθοιεν.
1695 3619 1812 3684 ΙΙΙ.
1851 3622 1993 3684 110.
2041 3620 2142 3684 ἐπὶ
2179 3620 2565 3703 λαχανισμόν
2595 3620 2703 3684 καὶ
2732 3621 3084 3704 φρυγάνων

632 3710 940 3794 ξυλλογὴν
986 3709 1360 3784 ἐξελθόντες.
1407 3708 1564 3773 Plat.
1596 3708 1864 3774 Phaedr.
1897 3731 1955 3794 p.
1989 3710 2135 3773 227.
2180 3711 2538 3792 πορεύομαι
2586 3710 2655 3773 δὲ
2700 3709 2864 3792 πρὸς
2908 3710 3082 3792 περί-

630 3823 832 3864 πατον
885 3802 1013 3873 ἔξω
1066 3799 1324 3882 τείχους.
1402 3796 1524 3862 Sed
1590 3798 1962 3881 legendum,
2026 3801 2096 3863 ni
2159 3799 2369 3883 fallor,
2434 3803 2473 3882 ἢ
2526 3800 2612 3863 ’πὶ
2665 3799 2923 3882 φορβὴν
2970 3836 3082 3860 -.

722 3888 969 3974 νόστον]
1027 3888 1115 3953 Of.
1162 3889 1262 3972 Aj.
1313 3888 1456 3952 900.
1504 3888 1677 3970 ὤμοι
1723 3889 1902 3972 ἐμῶν
1945 3889 2207 3955 νόστων.

810 3981 912 4042 47.
962 3977 1052 4042 Of.
1102 3980 1247 4042 347.
1297 3979 1443 4041 524.
1496 3978 1682 4041 1051.

812 4070 915 4134 48.
963 4066 1096 4131 ἀλλ’
1142 4069 1388 4150 ἔρχεταί
1436 4091 1500 4131 τε
1554 4068 1663 4131 καὶ
1710 4068 1827 4152 -]
1894 4068 1985 4133 Cf.
2034 4068 2105 4133 Ο.
2139 4068 2209 4133 Ο.
2263 4069 2404 4132 113.
2470 4069 2812 4152 σιγήσομαί
2859 4092 2924 4132 τε
2976 4068 3085 4132 καὶ

633 4158 711 4222 σύ
755 4161 825 4242 μ’
873 4158 942 4231 ἐξ
988 4157 1147 4221 ὁδοῦ
1193 4157 1318 4220 κτλ.
1386 4158 1532 4220 494.
1598 4158 1968 4241 ἠκούσαμέν
2030 4183 2094 4222 τε
2159 4159 2313 4241 χῶτι
2370 4158 2468 4222 δεῖ
2506 4158 2860 4241 πρόστασσε
2907 4158 3085 4240 δρᾶν.

722 4247 855 4311 ἀλλ’
903 4248 1149 4330 ἔρχεταί
1189 4270 1253 4309 τε
1297 4246 1404 4310 καὶ
1451 4245 1568 4329 -]
1618 4245 1707 4311 Cf.
1756 4246 1904 4311 Eur.
1953 4247 2090 4311 Alc.
2139 4249 2286 4311 420.
2362 4248 2698 4331 ἐπίσταμαί
2758 4272 2826 4329 γε
2873 4247 2941 4330 (1.
2988 4249 3085 4326 τε)

631 4338 797 4402 κούκ
843 4337 1034 4420 ἄφνω
1081 4334 1285 4400 κακὸν
1330 4335 1473 4398 τόδε
1514 4334 1524 4418 Ι
1562 4337 1956 4418 προσέπτατῖ

814 4429 915 4489 54.
962 4424 1060 4490 De
1107 4426 1576 4490 constructione
1632 4425 1706 4488 ef.
1761 4428 1859 4490 77.
1909 4425 1977 4490 O.
2011 4427 2081 4490 R.
2130 4427 2276 4490 406.
2343 4427 2523 4497 ὅπως
2586 4425 2660 4489 τὰ
2709 4463 2793 4473 --
2839 4426 3085 4510 μαντεῖ’

635 4517 853 4610 ἄριστα
900 4516 1191 4601 λύσομεν,
1238 4514 1381 4577 τόδε
1427 4520 1700 4578 σκοπεῖν.
1752 4523 1829 4595 et¹
1861 4517 1940 4580 ad
1973 4517 2072 4601 Aj.
2109 4517 2253 4578 556.
2303 4517 2400 4580 δεῖ
2440 4516 2495 4578 σ’
2538 4517 2719 4588 ὅπως
2752 4554 2832 4563 -
2870 4517 3088 4592 δείξεις
