3463 5287
1211 371 1464 417 onmrus
1510 370 1814 419 commus
2613 355 2646 416 1
2658 353 2692 416 7
2703 354 2737 417 1

280 531 502 615 χηγόν.
551 530 748 615 Sosip.
782 531 893 595 IV.
927 533 1076 595 482.
1117 539 1228 616 τῆς
1256 533 1477 616 τέχνης
1508 532 1791 616 ἀρχηγὸς
1822 532 1917 617 ἦν.
1950 531 2147 616 Epist.
2180 532 2258 595 ad
2288 531 2485 596 Hebr.
2521 530 2603 595 II.
2644 532 2739 597 10.

279 621 393 685 τὸν
441 620 724 703 ἀρχηγὸν
767 627 878 704 τῆς
923 623 1252 706 σωτηρίας.

469 711 568 773 62.
615 711 867 775 τοιαῦτά
914 736 1013 775 σοι
1058 712 1226 775 ταῦτ’
1275 712 1455 797 ἐστίν]
1505 712 1594 777 Cf.
1637 712 1730 775 El.
1768 712 1911 774 761.
2050 712 2128 775 οὗ
2174 711 2386 794 λόγοις
2418 711 2536 796 -]
2584 711 2740 776 ‘Not

282 800 615 865 honoured
673 801 835 864 from
896 820 1071 865 mere
1128 801 1454 881 tradition,
1518 802 1631 866 but
1693 803 1907 866 rather
1980 801 2066 883 by
2122 819 2347 865 reason
2403 802 2473 864 of
2529 801 2735 866 actua}

282 907 589 974 presence
637 890 707 952 of
745 892 849 954 the
894 891 1084 953 hero)
1163 890 1256 954 cf.
1305 892 1452 954 647.

470 979 553 1042 64
584 999 676 1061 sq.
726 979 812 1042 Cf.
862 979 1010 1043 Eur.
1059 980 1231 1061 Cyol.
1286 980 1666 1044 117—119.

470 1069 569 1133 65.
617 1069 723 1132 καὶ
768 1070 1004 1151 κάρτα]
1072 1068 1161 1132 Cf.
1213 1071 1356 1133 301.
1406 1070 1501 1132 ΕΙ.
1552 1071 1696 1132 312.
1877 1076 1990 1132 τοῦ
2036 1070 2197 1133 θεοῦ
2246 1106 2328 1116 -
2377 1068 2738 1154 ἐπώνυμοι]

282 1156 373 1221 Of.
433 1159 653 1221 Aesch.
699 1158 881 1223 Eum.
930 1160 1031 1222 90.
1079 1159 1156 1223 σὺ
1205 1159 1263 1223 δ’
1315 1197 1393 1206 —-
1435 1159 1669 1242 Ἑρμῆ,
1717 1159 2024 1242 φύλασσε·
2071 1159 2269 1239 κάρτα
2320 1156 2379 1222 δ’
2426 1161 2523 1222 ὢν
2568 1159 2739 1222 ἐπώ-

280 1272 492 1329 νυμος
532 1248 539 1329 Ι
580 1255 905 1330 πομπαῖος
959 1250 1090 1312 ἴσθι
1146 1254 1260 1313 etc.
1328 1249 1473 1312 Eur.
1522 1250 1707 1312 Rhes.
1763 1250 1904 1312 158.
1971 1250 2311 1330 ἐπώνυμος
2364 1247 2484 1330 μὲν
2538 1247 2739 1330 κάρτα

282 1338 395 1401 καὶ
444 1337 804 1419 φιλόπτολις
845 1340 854 1421 Ι
896 1337 1135 1401 Δόλων.

471 1428 572 1490 67.
619 1426 903 1509 ἄρχεται]
970 1428 1233 1491 Passivo
1298 1446 1507 1491 sensa.
1587 1427 1679 1491 Cf.
1737 1429 1886 1491 Ant„
1937 1429 2036 1489 63.
2103 1428 2202 1510 Aj.
2257 1427 2444 1489 1075.
2510 1426 2743 1491 Herod.

286 1516 436 1579 VII.
491 1517 631 1579 159.
678 1517 808 1580 ἴσθι
857 1516 1211 1598 ἀρξόμενος
1257 1516 1384 1580 ὑπὸ
1434 1517 1980 1599 Λακεδαιμονίων.

473 1605 573 1667 68.
619 1605 793 1687 λόγῳ
826 1644 908 1652 -
942 1606 1185 1687 κρατεῖ]
1234 1605 1280 1668 Ι.
1330 1627 1380 1671 e.
1439 1607 1548 1670 ‘no
1607 1606 1727 1670 less
1775 1605 1858 1686 by
1907 1624 2122 1690 power
2168 1606 2317 1670 than
2365 1605 2451 1688 by
2498 1609 2745 1690 report’

474 1695 573 1756 71.
619 1694 713 1765 ὡς
757 1694 922 1776 πρὸς
965 1695 1049 1778 τί]
1116 1695 1211 1758 “Ῑ.
1263 1715 1313 1757 e.
1371 1696 1464 1766 ὡς
1521 1703 1697 1778 παρῇ
1753 1696 1917 1777 πρὸς
1960 1697 2046 1771 τί,·
2100 1696 2303 1768 λέξων
2351 1698 2389 1778 ἢ
2437 1696 2738 1778 καταρτύ·

282 1808 426 1847 σων
469 1783 609 1859 τι,·”
655 1783 907 1865 (Dind.).
959 1783 1045 1848 Cf.
1095 1786 1173 1848 ad
1223 1784 1291 1847 Ο.
1326 1784 1397 1847 R.
1456 1786 1638 1848 1174.
1687 1785 1781 1855 ὡς
1825 1785 1987 1866 πρὸς
2033 1786 2090 1848 τί
2130 1784 2365 1867 χρείας,·
2417 1786 2603 1847 1144.
2648 1784 2746 1847 Tr.

292 1875 483 1936 1182.
532 1874 624 1943 ὡς
669 1874 833 1954 πρὸς
878 1875 934 1936 τί
974 1875 1171 1937 πίστιν
1215 1875 1388 1956 τήνδ’
1436 1875 1599 1955 ἄγαν
1654 1875 2070 1957 ἐπιστρέφεις,·
2135 1875 2232 1957 Aj.
2282 1875 2384 1936 44.
2435 1873 2593 1936 Phil.
2645 1875 2745 1936 58.

286 1963 383 2025 ΕΙ.
441 1964 627 2025 1402.
693 1963 770 2026 σὺ
838 1963 895 2026 δ’
943 1964 1121 2033 ἐκτὸς
1184 1963 1342 2046 ᾖξας
1405 1964 1569 2044 πρὸς
1631 1965 1715 2039 τί,·
1775 1966 1919 2027 921.
1975 1964 2032 2026 τί
2083 1964 2141 2027 δ’
2199 1965 2393 2038 ἔστιν,·
2449 1964 2527 2026 οὗ
2582 1962 2748 2045 πρὸς

290 2051 535 2135 ἡδονὴν
581 2052 746 2133 λέγω
791 2053 973 2129 nime,-
1022 2054 1116 2134 Aj.
1152 2055 1253 2116 40.
1301 2053 1407 2116 καὶ
1453 2053 1617 2134 πρὸς
1662 2054 1720 2115 τί
1763 2053 2163 2134 ὃυσλόγιστον
2194 2051 2314 2116 ὧδ’
2361 2051 2512 2135 ᾖξεν
2557 2053 2748 2134 χέρα,·

375 2142 792 2221 καταρτύσων
821 2140 1061 2225 μολεῖν]
1100 2143 1391 2224 Anglice,
1441 2149 1510 2205 to
1560 2142 1761 2205 work
1813 2162 2006 2225 upon
2058 2143 2206 2204 him
2238 2145 2344 2220 (to
2391 2147 2520 2221 get
2566 2141 2748 2221 him)

285 2236 359 2294 to
412 2249 635 2294 come.
714 2230 805 2294 Cf.
856 2232 952 2313 Aj.
987 2233 1132 2294 804.
1182 2232 1493 2295 σπεύσαθ’
1530 2269 1610 2277 —-
1649 2230 1930 2312 Τεῦκρον
1976 2232 2044 2293 ἐν
2087 2231 2255 2313 τάχει
2300 2232 2533 2312 μολεῖν.
2581 2230 2748 2314 Apte

286 2319 459 2384 Jebb
527 2318 767 2383 confert
840 2320 992 2383 Plat,
1048 2320 1234 2404 Resp.
1295 2322 1419 2383 562
1456 2321 1521 2384 C.
1594 2321 1705 2404 τὴν
1778 2320 2087 2383 πολιτείαν
2144 2356 2226 2366 -
2283 2321 2749 2403 παρασκευάζει

286 2410 617 2491 δεηθῆναι.
665 2416 727 2472 et
773 2408 934 2473 Plut.
982 2409 1138 2472 Mor.
1198 2412 1280 2473 38
1314 2408 1389 2472 D.
1437 2413 1515 2473 ἂν
1565 2447 1644 2456 ——
1692 2410 1783 2494 μὴ
1842 2410 2052 2491 λόγοις
2101 2416 2394 2493 χρηστοῖς
2450 2411 2749 2492 ἀφαιρῶν

292 2502 330 2580 ἢ
381 2499 814 2579 παρατρέπων
858 2499 1213 2582 καταρτύσῃ
1259 2500 1372 2581 τὴν
1417 2500 1622 2582 φύσιν.

473 2589 573 2651 72.
619 2593 1012 2670 προσαρκῶν
1058 2586 1325 2674 σμικρὰ]
1392 2588 1480 2653 Cf.
1530 2591 1627 2674 Aj.
1677 2590 1825 2653 439.
1892 2589 2032 2653 οῧό’
2097 2590 2249 2671 ἔργα
2313 2589 2475 2672 μείω
2541 2587 2750 2673 χειρὸς

290 2678 572 2758 ἀρκέσας
618 2679 794 2762 ἐμῆς.
842 2679 991 2742 Eur.
1038 2678 1225 2742 Herc.
1275 2680 1421 2741 227.

475 2770 574 2830 73.
624 2769 731 2831 καὶ
776 2769 862 2838 τίς
910 2767 1058 2851 -,·]
1117 2766 1205 2830 Cf.
1257 2768 1402 2831 606.
1452 2767 1522 2832 O.
1556 2767 1627 2830 R.
1679 2769 1823 2833 967.
1882 2768 2032 2831 Eur.
2083 2768 2270 2832 Herc.
2319 2770 2464 2831 297.
2512 2768 2619 2832 καὶ
2663 2769 2750 2839 τίς

292 2857 625 2919 θανόντων
672 2858 920 2936 (θανών
964 2854 1170 2934 ποτῬ)
1218 2857 1413 2940 ἦλθεν
1459 2859 1528 2932 ἕξ
1561 2858 1781 2921 Ἅιδου
1819 2859 2038 2934 πιὶλιν,·
2172 2857 2454 2940 ἄρκεσις]
2507 2858 2749 2922 Auxi-

292 2947 495 3008 lium.
573 2944 620 3008 Ι.
672 2967 728 3029 q.
777 2947 1111 3028 ἔπάρκεσις
1158 2950 1306 3010 447.

475 3036 574 3096 74.
623 3034 903 3120 ὁρῶντα]
970 3036 1057 3099 Cf.
1110 3037 1256 3098 267.
1323 3036 1453 3099 ἐπεὶ
1516 3037 1589 3099 τά
1656 3036 1713 3118 γ’
1778 3038 1930 3118 ἔργα
1994 3061 2124 3118 μου
2168 3037 2177 3118 Ι
2215 3036 2561 3100 πεπονθότ’
2628 3037 2750 3101 ἐστὶ

287 3124 534 3206 μᾶλλον
582 3127 620 3206 ἢ
671 3124 1040 3205 ὂεόρακότα.
1090 3124 1159 3188 Ο.
1192 3126 1264 3189 R.
1302 3128 1445 3189 747.
1495 3127 1720 3189 Aesch.
1757 3125 1908 3189 Cho.
1943 3128 2088 3188 831.
2135 3132 2278 3196 πῶς
2322 3128 2489 3188 ταῦτ’
2537 3126 2750 3209 ἀληθῆ

289 3212 400 3276 καὶ
460 3213 771 3295 βλέποντα
838 3215 1093 3296 (κᾶτυμ’
1142 3217 1363 3288 &mam
1431 3214 1721 3290 ὁοξάσω,·
1781 3215 2005 3278 Aesch.
2055 3217 2171 3298 Ag.
2229 3216 2411 3278 1149.
2468 3215 2575 3278 καὶ
2619 3217 2750 3298 μὴν

293 3304 332 3365 ὁ
380 3302 669 3385 χρησμὸς
726 3303 930 3367 οὐκέτ’
987 3305 1059 3367 ἐκ
1123 3304 1558 3386 καλυμμάτων
1601 3312 1609 3386 Ι
1649 3306 1816 3367 ἔσται
1882 3304 2229 3386 δεδορκώς.
2294 3311 2358 3369 et
2403 3305 2553 3367 Ant„
2602 3306 2749 3367 405.

295 3391 402 3472 ἄρ’
450 3392 680 3475 ἔνὸηλα
727 3394 835 3455 καὶ
881 3400 1059 3476 σαφῆ
1104 3394 1301 3475 λέγω,·

476 3482 575 3544 75.
624 3480 792 3545 οἶσθ’
826 3521 907 3528 --
942 3483 1036 3553 ὡς
1081 3488 1193 3545 νῦν
1237 3483 1326 3565 μὴ
1377 3481 1655 3566 σφαλῇς]
1721 3481 1815 3544 Gl.
1853 3485 1925 3544 A.
1971 3488 2114 3552 πῶς
2159 3489 2274 3546 νῦν
2321 3483 2398 3545 οὗ
2443 3483 2534 3565 μὴ
2584 3506 2748 3565 σφα-

291 3571 469 3653 λήσῃ.
550 3569 636 3633 Cf.
686 3569 753 3633 O.
789 3570 861 3635 R.
913 3574 1057 3636 543.
1115 3570 1281 3635 οἷσθ’
1338 3573 1432 3642 ὥς
1486 3574 1772 3655 ποίησον.
1831 3572 1976 3634 Eur.
2026 3571 2190 3635 Med.
2240 3573 2384 3634 600.
2442 3571 2609 3635 οἷσθ’
2656 3573 2750 3642 ὡς

292 3660 571 3740 μετεύξει
617 3660 759 3743 (leg.
804 3663 1118 3742 μέτευξαι)
1163 3663 1267 3724 καὶ
1324 3663 1662 3744 σοφωτέρα
1719 3667 1919 3744 φανεῖ.
1999 3659 2166 3742 Lege
2213 3660 2379 3725 οἶσθ’
2417 3700 2484 3707 -
2530 3661 2622 3731 ὡς
2670 3662 2747 3724 οὗ

291 3748 382 3831 μὴ
433 3750 698 3832 σφαλῇς.

478 3838 577 3901 76.
626 3839 714 3902 Cf.
760 3839 854 3902 Tr.
908 3841 1051 3902 309.
1098 3839 1261 3920 πρὸς
1305 3840 1424 3920 μὲν
1471 3840 1592 3922 γὰρ
1639 3841 1830 3922 φύσιν
1873 3839 1881 3924 Ι
1921 3841 2178 3904 πάντων
2224 3841 2482 3922 ἄπειρος
2526 3840 2747 3913 τῶνδε,

298 3933 579 4007 γενναῖος
626 3929 698 3992 δέ
740 3953 843 3999 τις.
902 3928 1049 3991 Eur.
1098 3929 1250 3992 Hec.
1301 3932 1446 3992 356.
1584 3930 1676 3999 ὡς
1730 3930 1954 4013 ἰδόντι]
2013 3931 2104 3993 Cf.
2156 3932 2255 3992 20.
2312 3929 2571 4012 μακρὰν
2628 3930 2750 4012 γὰρ

297 4016 388 4086 ὡς
418 4017 657 4098 γέροντι
688 4019 1087 4100 προυστάλης
1118 4018 1288 4080 ὁδόν.
1340 4020 1483 4083 577.
1533 4020 1610 4082 οὗ
1658 4021 2008 4082 σπουδαῖον
2041 4021 2126 4090 εἷς
2159 4021 2325 4100 ὄψιν.
2376 4021 2523 4082 Ant.
2563 4020 2750 4082 1161.

300 4105 603 4186 ζηλωτὸς,
652 4106 745 4176 ὡς
791 4107 949 4189 ἐμοί.
998 4107 1147 4171 Stat.
1195 4107 1382 4170 Theb.
1430 4108 1539 4172 IV.
1580 4110 1723 4170 734.
1773 4108 2066 4191 ‘Regales
2115 4115 2322 4172 tamen
2372 4128 2479 4171 ore
2526 4108 2749 4171 notae)

300 4191 481 4258 Hom.
516 4195 630 4258 Od.
666 4198 767 4278 20,
811 4198 948 4259 194.
1083 4196 1248 4279 πλὴν
1293 4203 1403 4260 τοῦ
1453 4197 1789 4282 δαίμονος]
1838 4199 2069 4281 ‘Apart
2113 4197 2274 4260 from
2307 4218 2474 4279 your
2507 4197 2749 4281 plight.‘

301 4281 384 4344 Cf.
432 4282 581 4346 Eur.
631 4284 786 4350 HeC.
836 4286 981 4348 356.
1029 4288 1127 4369 ἴση
1181 4287 1383 4349 θεαῖσι
1428 4288 1590 4369 πλὴν
1636 4288 1705 4350 τὸ
1753 4289 2091 4351 κατθανεῖν
2136 4287 2354 4369 μόνον.

476 4374 576 4435 77.
623 4374 749 4444 ἕως
796 4411 879 4421 -
927 4376 1122 4458 λέξω]
1191 4376 1281 4440 Cf.
1331 4377 1443 4439 Ph.
1496 4379 1640 4442 764.
1707 4378 1833 4447 ἕως
1897 4379 2017 4464 ἀνῇ
2073 4377 2144 4441 τὸ
2189 4385 2390 4461 πῆμα.
2453 4376 2549 4440 Tr.
2605 4377 2751 4440 148.

301 4460 420 4533 ἕως
466 4500 550 4510 -
597 4463 830 4548 κληθῇ.
878 4465 976 4549 Aj.
1027 4467 1172 4528 555.
