<?xml version="1.0" encoding="UTF-8"?>
<!DOCTYPE html PUBLIC "-//W3C//DTD XHTML 1.0 Transitional//EN"
    "http://www.w3.org/TR/xhtml1/DTD/xhtml1-transitional.dtd">
<html xmlns="http://www.w3.org/1999/xhtml" xml:lang="en" lang="en">
 <head>
  <title>
</title>
<meta http-equiv="Content-Type" content="text/html;charset=utf-8" />
  <meta name='ocr-system' content='tesseract 3.04.00' />
  <meta name='ocr-capabilities' content='ocr_page ocr_carea ocr_par ocr_line ocrx_word'/>
</head>
<body>
  <div class='ocr_page' id='page_1' title='image "./spicilegiumsoph01blaygoog_0084.png"; bbox 0 0 3463 5287; ppageno 0'>
   <div class='ocr_carea' id='block_1_1' title="bbox 671 425 2042 489">
    <p class='ocr_par' dir='ltr' id='par_1_1' title="bbox 671 425 2042 489">
     <span class='ocr_line' id='line_1_1' title="bbox 671 425 2042 489; baseline 0 -2"><span class='ocrx_word' id='word_1_1' title='bbox 671 425 753 488; x_wconf 80' lang='lat'><strong><em>72</em></strong></span> <span class='ocrx_word' id='word_1_2' title='bbox 1748 443 2042 489; x_wconf 59' lang='lat' dir='ltr'>ammom:</span> 
     </span>
    </p>
   </div>
   <div class='ocr_carea' id='block_1_2' title="bbox 669 600 3135 3367">
    <p class='ocr_par' dir='ltr' id='par_1_2' title="bbox 669 600 3131 1044">
     <span class='ocr_line' id='line_1_2' title="bbox 850 600 3129 687; baseline -0.001 -20"><span class='ocrx_word' id='word_1_3' title='bbox 850 603 995 667; x_wconf 88' lang='lat'><strong>536.</strong></span> <span class='ocrx_word' id='word_1_4' title='bbox 1043 604 1216 686; x_wconf 70' lang='grc' dir='ltr'><strong><em>εἴπερ</em></strong></span> <span class='ocrx_word' id='word_1_5' title='bbox 1261 602 1364 687; x_wconf 80' lang='grc' dir='ltr'><strong><em>ἥδ’</em></strong></span> <span class='ocrx_word' id='word_1_6' title='bbox 1412 600 1797 687; x_wconf 81' lang='grc' dir='ltr'><strong><em>ὁμορροθεῖ]</em></strong></span> <span class='ocrx_word' id='word_1_7' title='bbox 1856 602 1929 668; x_wconf 87' lang='lat' dir='ltr'>Si</span> <span class='ocrx_word' id='word_1_8' title='bbox 1990 602 2293 686; x_wconf 89' lang='lat' dir='ltr'>quidem</span> <span class='ocrx_word' id='word_1_9' title='bbox 2339 622 2557 667; x_wconf 83' lang='lat' dir='ltr'>soror</span> <span class='ocrx_word' id='word_1_10' title='bbox 2600 621 2760 665; x_wconf 90' lang='lat' dir='ltr'><strong><em>mea</em></strong></span> <span class='ocrx_word' id='word_1_11' title='bbox 2803 620 3129 666; x_wconf 84' lang='lat' dir='ltr'>consen-</span> 
     </span>
     <span class='ocr_line' id='line_1_3' title="bbox 670 689 3131 775; baseline -0.002 -18"><span class='ocrx_word' id='word_1_12' title='bbox 670 692 780 757; x_wconf 76' lang='lat' dir='ltr'><strong><em>tit.</em></strong></span> <span class='ocrx_word' id='word_1_13' title='bbox 857 693 1109 757; x_wconf 82' lang='lat' dir='ltr'>Allusio</span> <span class='ocrx_word' id='word_1_14' title='bbox 1158 698 1253 758; x_wconf 82' lang='lat' dir='ltr'><strong><em>est</em></strong></span> <span class='ocrx_word' id='word_1_15' title='bbox 1298 693 1375 757; x_wconf 87' lang='lat' dir='ltr'><strong><em>ad</em></strong></span> <span class='ocrx_word' id='word_1_16' title='bbox 1422 711 1497 757; x_wconf 87' lang='lat' dir='ltr'><strong><em>ea</em></strong></span> <span class='ocrx_word' id='word_1_17' title='bbox 1537 710 1700 775; x_wconf 91' lang='lat' dir='ltr'>quae</span> <span class='ocrx_word' id='word_1_18' title='bbox 1747 691 1999 755; x_wconf 80' lang='lat' dir='ltr'>dixerat</span> <span class='ocrx_word' id='word_1_19' title='bbox 2042 693 2364 775; x_wconf 83' lang='lat' dir='ltr'>Antigone</span> <span class='ocrx_word' id='word_1_20' title='bbox 2412 691 2495 754; x_wconf 88' lang='grc'><strong><em>69</em></strong></span> <span class='ocrx_word' id='word_1_21' title='bbox 2529 711 2620 775; x_wconf 85' lang='lat' dir='ltr'><strong><em>sq.</em></strong></span> <span class='ocrx_word' id='word_1_22' title='bbox 2696 689 2875 755; x_wconf 93' lang='lat' dir='ltr'>Haec</span> <span class='ocrx_word' id='word_1_23' title='bbox 2920 691 3131 775; x_wconf 82' lang='lat' dir='ltr'>expli-</span> 
     </span>
     <span class='ocr_line' id='line_1_4' title="bbox 669 780 3127 866; baseline -0.001 -20"><span class='ocrx_word' id='word_1_24' title='bbox 669 780 833 846; x_wconf 83' lang='lat' dir='ltr'>catio</span> <span class='ocrx_word' id='word_1_25' title='bbox 881 782 959 846; x_wconf 85' lang='lat' dir='ltr'><strong><em>iis</em></strong></span> <span class='ocrx_word' id='word_1_26' title='bbox 1006 802 1168 866; x_wconf 90' lang='lat' dir='ltr'>quae</span> <span class='ocrx_word' id='word_1_27' title='bbox 1224 786 1579 866; x_wconf 86' lang='lat' dir='ltr'>sequuntur</span> <span class='ocrx_word' id='word_1_28' title='bbox 1626 780 2051 847; x_wconf 82' lang='lat' dir='ltr'>confirmatur.</span> <span class='ocrx_word' id='word_1_29' title='bbox 2135 780 2341 845; x_wconf 81' lang='lat' dir='ltr'>Schol.</span> <span class='ocrx_word' id='word_1_30' title='bbox 2388 781 2613 863; x_wconf 86' lang='grc' dir='ltr'><strong><em>ταύτης</em></strong></span> <span class='ocrx_word' id='word_1_31' title='bbox 2659 781 3127 863; x_wconf 83' lang='grc' dir='ltr'><strong><em>συντιθεμένης.</em></strong></span> 
     </span>
     <span class='ocr_line' id='line_1_5' title="bbox 670 869 3127 952; baseline -0.001 -16"><span class='ocrx_word' id='word_1_32' title='bbox 670 871 794 936; x_wconf 83' lang='lat' dir='ltr'>His</span> <span class='ocrx_word' id='word_1_33' title='bbox 840 871 1091 937; x_wconf 81' lang='lat' dir='ltr'><strong>Ismene</strong></span> <span class='ocrx_word' id='word_1_34' title='bbox 1138 872 1339 935; x_wconf 84' lang='lat' dir='ltr'>invita</span> <span class='ocrx_word' id='word_1_35' title='bbox 1383 891 1564 935; x_wconf 84' lang='lat' dir='ltr'>suam</span> <span class='ocrx_word' id='word_1_36' title='bbox 1610 869 1913 935; x_wconf 84' lang='lat' dir='ltr'>facinoris</span> <span class='ocrx_word' id='word_1_37' title='bbox 1958 871 2325 936; x_wconf 83' lang='lat' dir='ltr'>societatem</span> <span class='ocrx_word' id='word_1_38' title='bbox 2372 869 2734 952; x_wconf 84' lang='lat' dir='ltr'>confitetur,</span> <span class='ocrx_word' id='word_1_39' title='bbox 2781 869 3127 934; x_wconf 84' lang='lat' dir='ltr'>confessio-</span> 
     </span>
     <span class='ocr_line' id='line_1_6' title="bbox 671 959 3126 1044; baseline -0.001 -18"><span class='ocrx_word' id='word_1_40' title='bbox 671 979 821 1026; x_wconf 90' lang='lat' dir='ltr'>nem</span> <span class='ocrx_word' id='word_1_41' title='bbox 885 967 1096 1026; x_wconf 90' lang='lat' dir='ltr'>tamen</span> <span class='ocrx_word' id='word_1_42' title='bbox 1160 980 1341 1025; x_wconf 85' lang='lat' dir='ltr'>suam</span> <span class='ocrx_word' id='word_1_43' title='bbox 1397 959 1475 1024; x_wconf 89' lang='lat' dir='ltr'><strong><em>ab</em></strong></span> <span class='ocrx_word' id='word_1_44' title='bbox 1531 960 1770 1024; x_wconf 83' lang='lat' dir='ltr'>sororis</span> <span class='ocrx_word' id='word_1_45' title='bbox 1825 980 1977 1025; x_wconf 84' lang='lat' dir='ltr'>suae</span> <span class='ocrx_word' id='word_1_46' title='bbox 2041 960 2467 1024; x_wconf 80' lang='lat' dir='ltr'>declaratione</span> <span class='ocrx_word' id='word_1_47' title='bbox 2531 959 2807 1044; x_wconf 89' lang='lat' dir='ltr'>pendere</span> <span class='ocrx_word' id='word_1_48' title='bbox 2867 959 3126 1024; x_wconf 81' lang='lat' dir='ltr'>facienS.</span> 
     </span>
    </p>

    <p class='ocr_par' dir='ltr' id='par_1_3' title="bbox 673 1048 3128 1204">
     <span class='ocr_line' id='line_1_7' title="bbox 760 1048 3128 1135; baseline -0.001 -21"><span class='ocrx_word' id='word_1_49' title='bbox 760 1050 1146 1135; x_wconf 74' lang='grc' dir='ltr'>ὁμορροθεῖ]</span> <span class='ocrx_word' id='word_1_50' title='bbox 1195 1049 1288 1115; x_wconf 83' lang='lat' dir='ltr'><strong><em>Cf.</em></strong></span> <span class='ocrx_word' id='word_1_51' title='bbox 1334 1048 1485 1113; x_wconf 88' lang='lat' dir='ltr'><strong><em>Eur.</em></strong></span> <span class='ocrx_word' id='word_1_52' title='bbox 1534 1049 1734 1114; x_wconf 83' lang='lat' dir='ltr'>Orest.</span> <span class='ocrx_word' id='word_1_53' title='bbox 1766 1050 1913 1113; x_wconf 88' lang='grc'><strong>429.</strong></span> <span class='ocrx_word' id='word_1_54' title='bbox 1959 1051 2029 1113; x_wconf 78' lang='grc' dir='ltr'><strong><em>ἓν</em></strong></span> <span class='ocrx_word' id='word_1_55' title='bbox 2074 1048 2310 1132; x_wconf 90' lang='grc' dir='ltr'><strong><em>λόγοισι</em></strong></span> <span class='ocrx_word' id='word_1_56' title='bbox 2355 1055 2483 1120; x_wconf 88' lang='grc' dir='ltr'><strong><em>τοῖς</em></strong></span> <span class='ocrx_word' id='word_1_57' title='bbox 2529 1050 2707 1131; x_wconf 81' lang='grc' dir='ltr'><em>ἐμοῖς</em></span> <span class='ocrx_word' id='word_1_58' title='bbox 2752 1049 3128 1132; x_wconf 82' lang='grc' dir='ltr'><strong><em>ὁμορροθεῖ.</em></strong></span> 
     </span>
     <span class='ocr_line' id='line_1_8' title="bbox 673 1140 1227 1204; baseline -0.004 -1"><span class='ocrx_word' id='word_1_59' title='bbox 673 1140 862 1203; x_wconf 75' lang='lat' dir='ltr'>Arist</span> <span class='ocrx_word' id='word_1_60' title='bbox 909 1141 1031 1203; x_wconf 83' lang='lat' dir='ltr'><strong><em>Av.</em></strong></span> <span class='ocrx_word' id='word_1_61' title='bbox 1079 1141 1227 1204; x_wconf 84' lang='lat'><strong>851.</strong></span> 
     </span>
    </p>

    <p class='ocr_par' dir='ltr' id='par_1_4' title="bbox 669 1227 3131 1848">
     <span class='ocr_line' id='line_1_9' title="bbox 851 1227 3127 1312; baseline -0 -20"><span class='ocrx_word' id='word_1_62' title='bbox 851 1228 996 1292; x_wconf 90' lang='grc'><strong>537.</strong></span> <span class='ocrx_word' id='word_1_63' title='bbox 1044 1228 1133 1293; x_wconf 83' lang='lat' dir='ltr'><strong><em>Cf.</em></strong></span> <span class='ocrx_word' id='word_1_64' title='bbox 1192 1228 1421 1294; x_wconf 86' lang='lat' dir='ltr'>Aesch.</span> <span class='ocrx_word' id='word_1_65' title='bbox 1469 1228 1678 1293; x_wconf 87' lang='lat' dir='ltr'>Prom.</span> <span class='ocrx_word' id='word_1_66' title='bbox 1730 1230 1874 1293; x_wconf 88' lang='lat'><strong>331.</strong></span> <span class='ocrx_word' id='word_1_67' title='bbox 1939 1229 2199 1292; x_wconf 86' lang='grc' dir='ltr'><strong><em>πάντων</em></strong></span> <span class='ocrx_word' id='word_1_68' title='bbox 2258 1227 2595 1312; x_wconf 85' lang='grc' dir='ltr'><strong><em>μετασχὼν</em></strong></span> <span class='ocrx_word' id='word_1_69' title='bbox 2657 1227 2766 1291; x_wconf 75' lang='grc' dir='ltr'><strong><em>καὶ</em></strong></span> <span class='ocrx_word' id='word_1_70' title='bbox 2826 1227 3127 1311; x_wconf 88' lang='grc' dir='ltr'><strong><em>τετολμη-</em></strong></span> 
     </span>
     <span class='ocr_line' id='line_1_10' title="bbox 669 1316 3129 1402; baseline -0.001 -20"><span class='ocrx_word' id='word_1_71' title='bbox 669 1317 807 1389; x_wconf 86' lang='grc' dir='ltr'><strong><em>κὼς</em></strong></span> <span class='ocrx_word' id='word_1_72' title='bbox 851 1316 1008 1401; x_wconf 80' lang='grc' dir='ltr'><strong><em>ἐμοί.</em></strong></span> <span class='ocrx_word' id='word_1_73' title='bbox 1057 1316 1129 1382; x_wconf 94' lang='grc' dir='ltr'><strong><em>Ο.</em></strong></span> <span class='ocrx_word' id='word_1_74' title='bbox 1163 1317 1229 1382; x_wconf 89' lang='lat' dir='ltr'><strong><em>C.</em></strong></span> <span class='ocrx_word' id='word_1_75' title='bbox 1264 1319 1410 1382; x_wconf 85' lang='lat'><strong>583.</strong></span> <span class='ocrx_word' id='word_1_76' title='bbox 1453 1317 1528 1382; x_wconf 82' lang='grc' dir='ltr'><strong><em>τὰ</em></strong></span> <span class='ocrx_word' id='word_1_77' title='bbox 1579 1318 1637 1382; x_wconf 80' lang='grc' dir='ltr'><strong><em>δ’</em></strong></span> <span class='ocrx_word' id='word_1_78' title='bbox 1685 1319 1753 1382; x_wconf 78' lang='grc' dir='ltr'><strong><em>ἐν</em></strong></span> <span class='ocrx_word' id='word_1_79' title='bbox 1796 1320 1978 1400; x_wconf 84' lang='grc' dir='ltr'><em>μέσῳ</em></span> <span class='ocrx_word' id='word_1_80' title='bbox 2018 1317 2027 1402; x_wconf 89' lang='grc' dir='ltr'>Ι</span> <span class='ocrx_word' id='word_1_81' title='bbox 2070 1320 2109 1400; x_wconf 82' lang='grc' dir='ltr'>ἢ</span> <span class='ocrx_word' id='word_1_82' title='bbox 2155 1319 2365 1401; x_wconf 90' lang='grc' dir='ltr'><strong><em>λῆστιν</em></strong></span> <span class='ocrx_word' id='word_1_83' title='bbox 2410 1320 2600 1402; x_wconf 81' lang='grc' dir='ltr'><strong><em>ἴσχεις</em></strong></span> <span class='ocrx_word' id='word_1_84' title='bbox 2646 1320 2685 1400; x_wconf 82' lang='grc' dir='ltr'>ἢ</span> <span class='ocrx_word' id='word_1_85' title='bbox 2735 1316 2816 1382; x_wconf 78' lang='grc' dir='ltr'><strong><em>δι’</em></strong></span> <span class='ocrx_word' id='word_1_86' title='bbox 2865 1316 3129 1388; x_wconf 81' lang='grc' dir='ltr'><strong><em>οὐδενὸς</em></strong></span> 
     </span>
     <span class='ocr_line' id='line_1_11' title="bbox 669 1406 3127 1489; baseline 0 -19"><span class='ocrx_word' id='word_1_87' title='bbox 669 1413 850 1472; x_wconf 87' lang='grc' dir='ltr'><strong><em>ποιεῖ.</em></strong></span> <span class='ocrx_word' id='word_1_88' title='bbox 902 1407 1090 1471; x_wconf 87' lang='grc'><strong>1330.</strong></span> <span class='ocrx_word' id='word_1_89' title='bbox 1136 1406 1288 1471; x_wconf 87' lang='lat' dir='ltr'><strong><em>Eur.</em></strong></span> <span class='ocrx_word' id='word_1_90' title='bbox 1337 1406 1437 1471; x_wconf 79' lang='lat' dir='ltr'><strong><em>Fr.</em></strong></span> <span class='ocrx_word' id='word_1_91' title='bbox 1486 1408 1633 1489; x_wconf 87' lang='lat'><strong><em>901,</em></strong></span> <span class='ocrx_word' id='word_1_92' title='bbox 1672 1410 1770 1470; x_wconf 84' lang='lat'><strong><em>12.</em></strong></span> <span class='ocrx_word' id='word_1_93' title='bbox 1827 1407 1935 1471; x_wconf 82' lang='grc' dir='ltr'><strong><em>καὶ</em></strong></span> <span class='ocrx_word' id='word_1_94' title='bbox 1979 1412 2205 1471; x_wconf 83' lang='grc' dir='ltr'><strong><em>κακῶν</em></strong></span> <span class='ocrx_word' id='word_1_95' title='bbox 2246 1406 2255 1489; x_wconf 93' lang='grc' dir='ltr'>Ι</span> <span class='ocrx_word' id='word_1_96' title='bbox 2293 1413 2423 1471; x_wconf 90' lang='grc' dir='ltr'><strong><em>τῶν</em></strong></span> <span class='ocrx_word' id='word_1_97' title='bbox 2468 1412 2604 1471; x_wconf 90' lang='grc' dir='ltr'><strong><em>σῶν</em></strong></span> <span class='ocrx_word' id='word_1_98' title='bbox 2650 1406 2924 1481; x_wconf 81' lang='grc' dir='ltr'><em>ξυνοίσω</em></span> <span class='ocrx_word' id='word_1_99' title='bbox 2969 1407 3127 1471; x_wconf 85' lang='grc' dir='ltr'><strong><em>κοῦ-</em></strong></span> 
     </span>
     <span class='ocr_line' id='line_1_12' title="bbox 673 1495 3128 1580; baseline -0.001 -19"><span class='ocrx_word' id='word_1_100' title='bbox 673 1495 780 1561; x_wconf 83' lang='grc' dir='ltr'><strong><em>ὅὲν</em></strong></span> <span class='ocrx_word' id='word_1_101' title='bbox 825 1497 992 1561; x_wconf 82' lang='grc' dir='ltr'><strong><em>ἔσται</em></strong></span> <span class='ocrx_word' id='word_1_102' title='bbox 1035 1521 1148 1580; x_wconf 88' lang='grc' dir='ltr'><strong><em>μοι</em></strong></span> <span class='ocrx_word' id='word_1_103' title='bbox 1192 1496 1439 1580; x_wconf 88' lang='grc' dir='ltr'><strong><em>πικρόν.</em></strong></span> <span class='ocrx_word' id='word_1_104' title='bbox 1487 1502 1551 1561; x_wconf 83' lang='lat' dir='ltr'><strong><em>et</em></strong></span> <span class='ocrx_word' id='word_1_105' title='bbox 1596 1497 1667 1561; x_wconf 94' lang='grc' dir='ltr'><strong><em>Ο.</em></strong></span> <span class='ocrx_word' id='word_1_106' title='bbox 1699 1497 1773 1561; x_wconf 83' lang='lat' dir='ltr'><strong><em>R.</em></strong></span> <span class='ocrx_word' id='word_1_107' title='bbox 1823 1497 1969 1560; x_wconf 83' lang='lat'><strong>347.</strong></span> <span class='ocrx_word' id='word_1_108' title='bbox 2025 1496 2133 1560; x_wconf 79' lang='grc' dir='ltr'><strong><em>καὶ</em></strong></span> <span class='ocrx_word' id='word_1_109' title='bbox 2188 1503 2620 1579; x_wconf 83' lang='grc' dir='ltr'><strong><em>συμφυτεῦσαι</em></strong></span> <span class='ocrx_word' id='word_1_110' title='bbox 2674 1497 2944 1579; x_wconf 82' lang='grc' dir='ltr'><strong><em>τοῦργον</em></strong></span> <span class='ocrx_word' id='word_1_111' title='bbox 3000 1497 3128 1579; x_wconf 81' lang='grc' dir='ltr'><strong><em>εἵρ-</em></strong></span> 
     </span>
     <span class='ocr_line' id='line_1_13' title="bbox 672 1583 3130 1669; baseline -0 -19"><span class='ocrx_word' id='word_1_112' title='bbox 672 1585 906 1669; x_wconf 86' lang='grc' dir='ltr'><strong><em>γάσθαι</em></strong></span> <span class='ocrx_word' id='word_1_113' title='bbox 960 1586 1047 1650; x_wconf 82' lang='grc' dir='ltr'><strong><em>θ’.</em></strong></span> <span class='ocrx_word' id='word_1_114' title='bbox 1111 1583 1483 1651; x_wconf 83' lang='lat' dir='ltr'>Dindorfius</span> <span class='ocrx_word' id='word_1_115' title='bbox 1546 1585 1647 1668; x_wconf 87' lang='lat' dir='ltr'><strong><em>(ad</em></strong></span> <span class='ocrx_word' id='word_1_116' title='bbox 1712 1586 1807 1650; x_wconf 86' lang='lat' dir='ltr'><strong><em>El.</em></strong></span> <span class='ocrx_word' id='word_1_117' title='bbox 1871 1586 2080 1664; x_wconf 89' lang='grc'><strong>1005.)</strong></span> <span class='ocrx_word' id='word_1_118' title='bbox 2144 1587 2386 1650; x_wconf 86' lang='lat' dir='ltr'>confert</span> <span class='ocrx_word' id='word_1_119' title='bbox 2440 1584 2510 1649; x_wconf 92' lang='grc' dir='ltr'><strong><em>Ο.</em></strong></span> <span class='ocrx_word' id='word_1_120' title='bbox 2543 1583 2608 1648; x_wconf 88' lang='lat' dir='ltr'><strong><em>C.</em></strong></span> <span class='ocrx_word' id='word_1_121' title='bbox 2661 1587 2847 1649; x_wconf 88' lang='lat'>1330.</span> <span class='ocrx_word' id='word_1_122' title='bbox 2922 1586 2995 1656; x_wconf 86' lang='grc' dir='ltr'><strong><em>ὅς</em></strong></span> <span class='ocrx_word' id='word_1_123' title='bbox 3055 1586 3130 1668; x_wconf 86' lang='grc' dir='ltr'><strong><em>μ’</em></strong></span> 
     </span>
     <span class='ocr_line' id='line_1_14' title="bbox 672 1674 3131 1760; baseline -0.001 -20"><span class='ocrx_word' id='word_1_124' title='bbox 672 1674 903 1749; x_wconf 73' lang='grc' dir='ltr'><strong><em>ἐξέωσε</em></strong></span> <span class='ocrx_word' id='word_1_125' title='bbox 946 1675 1379 1759; x_wconf 83' lang='grc' dir='ltr'><strong><em>κάπεσύλησεν</em></strong></span> <span class='ocrx_word' id='word_1_126' title='bbox 1415 1675 1674 1759; x_wconf 82' lang='grc' dir='ltr'><strong><em>πάτρας.</em></strong></span> <span class='ocrx_word' id='word_1_127' title='bbox 1720 1675 1857 1760; x_wconf 91' lang='lat' dir='ltr'><strong>Iph.</strong></span> <span class='ocrx_word' id='word_1_128' title='bbox 1888 1676 1951 1738; x_wconf 91' lang='lat' dir='ltr'><strong><em>T.</em></strong></span> <span class='ocrx_word' id='word_1_129' title='bbox 1988 1677 2131 1738; x_wconf 88' lang='grc'><strong>987.</strong></span> <span class='ocrx_word' id='word_1_130' title='bbox 2170 1675 2389 1760; x_wconf 86' lang='lat' dir='ltr'>Eupol.</span> <span class='ocrx_word' id='word_1_131' title='bbox 2432 1676 2573 1738; x_wconf 90' lang='grc'><strong>105.</strong></span> <span class='ocrx_word' id='word_1_132' title='bbox 2621 1675 3131 1758; x_wconf 85' lang='grc' dir='ltr'><strong><em>ἀμβλυστονῆσαι</em></strong></span> 
     </span>
     <span class='ocr_line' id='line_1_15' title="bbox 671 1762 1485 1848; baseline 0.001 -20"><span class='ocrx_word' id='word_1_133' title='bbox 671 1762 780 1828; x_wconf 83' lang='grc' dir='ltr'><strong><em>καὶ</em></strong></span> <span class='ocrx_word' id='word_1_134' title='bbox 822 1765 1086 1848; x_wconf 86' lang='grc' dir='ltr'><strong><em>χλοῆσαι</em></strong></span> <span class='ocrx_word' id='word_1_135' title='bbox 1129 1765 1243 1848; x_wconf 87' lang='grc' dir='ltr'><strong><em>τὴν</em></strong></span> <span class='ocrx_word' id='word_1_136' title='bbox 1286 1764 1485 1829; x_wconf 88' lang='grc' dir='ltr'><strong><em>πόλιν.</em></strong></span> 
     </span>
    </p>

    <p class='ocr_par' dir='ltr' id='par_1_5' title="bbox 853 1852 2770 1938">
     <span class='ocr_line' id='line_1_16' title="bbox 853 1852 2770 1938; baseline 0 -21"><span class='ocrx_word' id='word_1_137' title='bbox 853 1852 999 1918; x_wconf 94' lang='grc'><strong>539.</strong></span> <span class='ocrx_word' id='word_1_138' title='bbox 1046 1854 1514 1938; x_wconf 80' lang='grc' dir='ltr'><strong><em>ἔκοινωσάμην]</em></strong></span> <span class='ocrx_word' id='word_1_139' title='bbox 1563 1852 1802 1938; x_wconf 89' lang='lat' dir='ltr'>Supple</span> <span class='ocrx_word' id='word_1_140' title='bbox 1849 1877 1944 1928; x_wconf 83' lang='grc' dir='ltr'><strong><em>σε,</em></strong></span> <span class='ocrx_word' id='word_1_141' title='bbox 1993 1854 2441 1938; x_wconf 84' lang='lat' dir='ltr'>participem</span> <span class='ocrx_word' id='word_1_142' title='bbox 2489 1858 2560 1917; x_wconf 89' lang='lat' dir='ltr'><strong><em>te</em></strong></span> <span class='ocrx_word' id='word_1_143' title='bbox 2606 1854 2770 1917; x_wconf 87' lang='lat' dir='ltr'>feci.</span> 
     </span>
    </p>

    <p class='ocr_par' dir='ltr' id='par_1_6' title="bbox 672 1939 3134 2387">
     <span class='ocr_line' id='line_1_17' title="bbox 854 1939 3128 2030; baseline -0 -24"><span class='ocrx_word' id='word_1_144' title='bbox 854 1944 998 2008; x_wconf 84' lang='lat'><strong>541.</strong></span> <span class='ocrx_word' id='word_1_145' title='bbox 1048 1944 1377 2027; x_wconf 83' lang='grc' dir='ltr'><strong><em>ξυμπλοῦν</em></strong></span> <span class='ocrx_word' id='word_1_146' title='bbox 1435 1981 1508 1990; x_wconf 92' lang='lat'><strong><em>—-</em></strong></span> <span class='ocrx_word' id='word_1_147' title='bbox 1554 1949 1667 2008; x_wconf 84' lang='grc' dir='ltr'><strong><em>τοῦ</em></strong></span> <span class='ocrx_word' id='word_1_148' title='bbox 1713 1939 2002 2030; x_wconf 87' lang='grc' dir='ltr'><strong><em>πάθους]</em></strong></span> <span class='ocrx_word' id='word_1_149' title='bbox 2059 1942 2149 2007; x_wconf 83' lang='lat' dir='ltr'><strong><em>Cf.</em></strong></span> <span class='ocrx_word' id='word_1_150' title='bbox 2206 1941 2355 2006; x_wconf 85' lang='lat' dir='ltr'><strong><em>Eur.</em></strong></span> <span class='ocrx_word' id='word_1_151' title='bbox 2403 1941 2538 2027; x_wconf 84' lang='lat' dir='ltr'><strong>Iph.</strong></span> <span class='ocrx_word' id='word_1_152' title='bbox 2584 1941 2648 2005; x_wconf 87' lang='lat' dir='ltr'><strong><em>T.</em></strong></span> <span class='ocrx_word' id='word_1_153' title='bbox 2698 1944 2844 2007; x_wconf 89' lang='grc'><strong>599.</strong></span> <span class='ocrx_word' id='word_1_154' title='bbox 2891 1944 2930 2007; x_wconf 81' lang='grc' dir='ltr'>ὁ</span> <span class='ocrx_word' id='word_1_155' title='bbox 2975 1966 3128 2006; x_wconf 66' lang='grc' dir='ltr'><strong><em>ναυ-</em></strong></span> 
     </span>
     <span class='ocr_line' id='line_1_18' title="bbox 673 2010 3133 2142; baseline 0 -46"><span class='ocrx_word' id='word_1_156' title='bbox 673 2010 916 2097; x_wconf 84' lang='grc' dir='ltr'><strong><em>στολῶν</em></strong></span> <span class='ocrx_word' id='word_1_157' title='bbox 971 2033 1092 2116; x_wconf 83' lang='grc' dir='ltr'><strong><em>γάρ</em></strong></span> <span class='ocrx_word' id='word_1_158' title='bbox 1148 2032 1270 2116; x_wconf 76' lang='grc' dir='ltr'><strong><em>εἶμ’</em></strong></span> <span class='ocrx_word' id='word_1_159' title='bbox 1318 2032 1447 2115; x_wconf 77' lang='grc' dir='ltr'><strong><em>ἐγὼ</em></strong></span> <span class='ocrx_word' id='word_1_160' title='bbox 1492 2032 1603 2104; x_wconf 83' lang='grc' dir='ltr'><strong><em>τὰς</em></strong></span> <span class='ocrx_word' id='word_1_161' title='bbox 1647 2033 2016 2142; x_wconf 37' lang='grc' dir='ltr'><strong><em>συμφορὰς...</em></strong></span> <span class='ocrx_word' id='word_1_162' title='bbox 2059 2033 2069 2118; x_wconf 82' lang='lat'>1</span> <span class='ocrx_word' id='word_1_163' title='bbox 2109 2030 2294 2102; x_wconf 86' lang='grc' dir='ltr'><strong><em>οὗτος</em></strong></span> <span class='ocrx_word' id='word_1_164' title='bbox 2350 2031 2420 2096; x_wconf 80' lang='grc' dir='ltr'><strong><em>δὲ</em></strong></span> <span class='ocrx_word' id='word_1_165' title='bbox 2465 2032 2906 2115; x_wconf 59' lang='grc' dir='ltr'><strong><em>συμπλεῢτῶν</em></strong></span> <span class='ocrx_word' id='word_1_166' title='bbox 2952 2034 3133 2115; x_wconf 79' lang='grc' dir='ltr'><strong><em>ἐμῶν</em></strong></span> 
     </span>
     <span class='ocr_line' id='line_1_19' title="bbox 672 2121 3134 2205; baseline 0 -19"><span class='ocrx_word' id='word_1_167' title='bbox 672 2121 952 2205; x_wconf 87' lang='grc' dir='ltr'><strong><em>μόχθων</em></strong></span> <span class='ocrx_word' id='word_1_168' title='bbox 997 2123 1196 2205; x_wconf 88' lang='grc' dir='ltr'><strong><em>χάριν.</em></strong></span> <span class='ocrx_word' id='word_1_169' title='bbox 1261 2121 1447 2186; x_wconf 83' lang='grc' dir='ltr'><strong>Ηο1·0.</strong></span> <span class='ocrx_word' id='word_1_170' title='bbox 1501 2124 1688 2186; x_wconf 89' lang='grc'><strong>1224.</strong></span> <span class='ocrx_word' id='word_1_171' title='bbox 1754 2123 1862 2186; x_wconf 78' lang='grc' dir='ltr'><strong><em>καὶ</em></strong></span> <span class='ocrx_word' id='word_1_172' title='bbox 1924 2128 2052 2186; x_wconf 89' lang='grc' dir='ltr'><strong><em>τῶν</em></strong></span> <span class='ocrx_word' id='word_1_173' title='bbox 2114 2122 2333 2186; x_wconf 91' lang='grc' dir='ltr'><strong><em>καλῶν</em></strong></span> <span class='ocrx_word' id='word_1_174' title='bbox 2395 2122 2515 2205; x_wconf 81' lang='grc' dir='ltr'><strong><em>μὲν</em></strong></span> <span class='ocrx_word' id='word_1_175' title='bbox 2570 2122 2734 2193; x_wconf 86' lang='grc' dir='ltr'><strong><em>ὅστις</em></strong></span> <span class='ocrx_word' id='word_1_176' title='bbox 2788 2122 3134 2186; x_wconf 80' lang='grc' dir='ltr'><em>ἀπολαύειν</em></span> 
     </span>
     <span class='ocr_line' id='line_1_20' title="bbox 675 2210 3131 2294; baseline -0 -20"><span class='ocrx_word' id='word_1_177' title='bbox 675 2211 871 2284; x_wconf 86' lang='grc' dir='ltr'><strong><em>θέλει,</em></strong></span> <span class='ocrx_word' id='word_1_178' title='bbox 913 2210 922 2293; x_wconf 81' lang='grc' dir='ltr'>Ι</span> <span class='ocrx_word' id='word_1_179' title='bbox 964 2211 1268 2293; x_wconf 82' lang='grc' dir='ltr'><strong><em>συμπλεῖν</em></strong></span> <span class='ocrx_word' id='word_1_180' title='bbox 1326 2212 1395 2275; x_wconf 80' lang='grc' dir='ltr'><strong><em>δὲ</em></strong></span> <span class='ocrx_word' id='word_1_181' title='bbox 1450 2217 1578 2283; x_wconf 89' lang='grc' dir='ltr'><strong><em>τοῖς</em></strong></span> <span class='ocrx_word' id='word_1_182' title='bbox 1631 2212 1862 2294; x_wconf 84' lang='grc' dir='ltr'><strong><em>φίλοισι</em></strong></span> <span class='ocrx_word' id='word_1_183' title='bbox 1922 2212 2334 2294; x_wconf 77' lang='grc' dir='ltr'><strong><em>δυστυχοῦσιν</em></strong></span> <span class='ocrx_word' id='word_1_184' title='bbox 2381 2213 2475 2276; x_wconf 81' lang='grc' dir='ltr'><strong><em>οὔ.</em></strong></span> <span class='ocrx_word' id='word_1_185' title='bbox 2532 2211 2681 2275; x_wconf 87' lang='lat' dir='ltr'><strong><em>Eur.</em></strong></span> <span class='ocrx_word' id='word_1_186' title='bbox 2728 2210 2828 2275; x_wconf 83' lang='lat' dir='ltr'><strong><em>Fr.</em></strong></span> <span class='ocrx_word' id='word_1_187' title='bbox 2878 2213 3025 2293; x_wconf 84' lang='grc'><strong>848,</strong></span> <span class='ocrx_word' id='word_1_188' title='bbox 3075 2214 3131 2273; x_wconf 89' lang='lat'><strong><em>5.</em></strong></span> 
     </span>
     <span class='ocr_line' id='line_1_21' title="bbox 675 2300 3132 2387; baseline 0 -24"><span class='ocrx_word' id='word_1_189' title='bbox 675 2302 819 2384; x_wconf 88' lang='grc' dir='ltr'><strong><em>μήτ’</em></strong></span> <span class='ocrx_word' id='word_1_190' title='bbox 866 2300 934 2364; x_wconf 85' lang='grc' dir='ltr'><strong><em>ἔν</em></strong></span> <span class='ocrx_word' id='word_1_191' title='bbox 978 2300 1271 2387; x_wconf 87' lang='grc' dir='ltr'><strong><em>θαλάσσῃ</em></strong></span> <span class='ocrx_word' id='word_1_192' title='bbox 1327 2301 1710 2365; x_wconf 87' lang='grc' dir='ltr'><strong><em>κοίνοπλουν</em></strong></span> <span class='ocrx_word' id='word_1_193' title='bbox 1766 2301 2001 2365; x_wconf 86' lang='grc' dir='ltr'><strong><em>στέλλοι</em></strong></span> <span class='ocrx_word' id='word_1_194' title='bbox 2046 2302 2313 2383; x_wconf 84' lang='grc' dir='ltr'><strong><em>σκάφος.</em></strong></span> <span class='ocrx_word' id='word_1_195' title='bbox 2374 2303 2469 2385; x_wconf 87' lang='lat' dir='ltr'><strong><em>Aj.</em></strong></span> <span class='ocrx_word' id='word_1_196' title='bbox 2526 2302 2711 2364; x_wconf 88' lang='grc'><strong>1329.</strong></span> <span class='ocrx_word' id='word_1_197' title='bbox 2760 2304 3132 2384; x_wconf 86' lang='grc' dir='ltr'><strong><em>ξυνηρετεῖν.</em></strong></span> 
     </span>
    </p>

    <p class='ocr_par' dir='ltr' id='par_1_7' title="bbox 683 2388 3132 2563">
     <span class='ocr_line' id='line_1_22' title="bbox 857 2388 3132 2474; baseline 0.001 -23"><span class='ocrx_word' id='word_1_198' title='bbox 857 2390 1002 2452; x_wconf 89' lang='grc'><strong>542.</strong></span> <span class='ocrx_word' id='word_1_199' title='bbox 1050 2388 1436 2473; x_wconf 83' lang='grc' dir='ltr'><strong><em>ξυνίστορες]</em></strong></span> <span class='ocrx_word' id='word_1_200' title='bbox 1487 2390 1578 2455; x_wconf 84' lang='lat' dir='ltr'><strong><em>Cf.</em></strong></span> <span class='ocrx_word' id='word_1_201' title='bbox 1618 2390 1730 2454; x_wconf 91' lang='lat' dir='ltr'><strong><em>Ph.</em></strong></span> <span class='ocrx_word' id='word_1_202' title='bbox 1769 2391 1956 2453; x_wconf 89' lang='grc'><strong>1293.</strong></span> <span class='ocrx_word' id='word_1_203' title='bbox 2004 2391 2098 2461; x_wconf 83' lang='grc' dir='ltr'><strong><em>ὡς</em></strong></span> <span class='ocrx_word' id='word_1_204' title='bbox 2128 2390 2270 2454; x_wconf 78' lang='grc' dir='ltr'><strong><em>θεοὶ</em></strong></span> <span class='ocrx_word' id='word_1_205' title='bbox 2316 2391 2685 2471; x_wconf 85' lang='grc' dir='ltr'><strong><em>ξυνίστορες.</em></strong></span> <span class='ocrx_word' id='word_1_206' title='bbox 2734 2390 2883 2454; x_wconf 86' lang='lat' dir='ltr'><strong><em>Eur.</em></strong></span> <span class='ocrx_word' id='word_1_207' title='bbox 2917 2390 3132 2474; x_wconf 89' lang='lat' dir='ltr'>Suppl.</span> 
     </span>
     <span class='ocr_line' id='line_1_23' title="bbox 683 2475 2259 2563; baseline 0 -21"><span class='ocrx_word' id='word_1_208' title='bbox 683 2479 870 2542; x_wconf 84' lang='lat'><strong>1174.</strong></span> <span class='ocrx_word' id='word_1_209' title='bbox 917 2475 1080 2549; x_wconf 86' lang='grc' dir='ltr'><strong><em>Ζεὺς</em></strong></span> <span class='ocrx_word' id='word_1_210' title='bbox 1126 2479 1432 2561; x_wconf 82' lang='grc' dir='ltr'><strong><em>ξυνίστωρ</em></strong></span> <span class='ocrx_word' id='word_1_211' title='bbox 1480 2480 1549 2543; x_wconf 84' lang='grc' dir='ltr'><strong><em>οἳ</em></strong></span> <span class='ocrx_word' id='word_1_212' title='bbox 1583 2482 1633 2543; x_wconf 90' lang='grc' dir='ltr'><strong><em>τ’</em></strong></span> <span class='ocrx_word' id='word_1_213' title='bbox 1682 2479 1750 2543; x_wconf 79' lang='grc' dir='ltr'><strong><em>ἐν</em></strong></span> <span class='ocrx_word' id='word_1_214' title='bbox 1797 2481 2058 2563; x_wconf 76' lang='grc' dir='ltr'><strong><em>οὐρανῷ</em></strong></span> <span class='ocrx_word' id='word_1_215' title='bbox 2102 2480 2259 2544; x_wconf 88' lang='grc' dir='ltr'><strong><em>θεοί.</em></strong></span> 
     </span>
    </p>

    <p class='ocr_par' dir='ltr' id='par_1_8' title="bbox 673 2566 3134 2921">
     <span class='ocr_line' id='line_1_24' title="bbox 857 2566 3134 2655; baseline 0.001 -25"><span class='ocrx_word' id='word_1_216' title='bbox 857 2569 1001 2631; x_wconf 88' lang='grc'><strong>543.</strong></span> <span class='ocrx_word' id='word_1_217' title='bbox 1048 2566 1289 2655; x_wconf 89' lang='grc' dir='ltr'><strong><em>λόγοις]</em></strong></span> <span class='ocrx_word' id='word_1_218' title='bbox 1336 2568 1423 2631; x_wconf 87' lang='grc'><strong><em>111</em></strong></span> <span class='ocrx_word' id='word_1_219' title='bbox 1472 2568 1673 2633; x_wconf 85' lang='lat' dir='ltr'>word</span> <span class='ocrx_word' id='word_1_220' title='bbox 1720 2569 1845 2633; x_wconf 79' lang='grc'><strong>0111</strong></span> <span class='ocrx_word' id='word_1_221' title='bbox 1860 2590 1918 2651; x_wconf 77' lang='lat' dir='ltr'><strong><em>y.</em></strong></span> <span class='ocrx_word' id='word_1_222' title='bbox 1968 2569 2061 2634; x_wconf 82' lang='lat' dir='ltr'><strong><em>Cf.</em></strong></span> <span class='ocrx_word' id='word_1_223' title='bbox 2109 2569 2204 2633; x_wconf 82' lang='lat' dir='ltr'><strong><em>El.</em></strong></span> <span class='ocrx_word' id='word_1_224' title='bbox 2240 2570 2386 2632; x_wconf 90' lang='grc'><strong>287.</strong></span> <span class='ocrx_word' id='word_1_225' title='bbox 2433 2570 2590 2654; x_wconf 82' lang='grc' dir='ltr'><strong><em>αὕτη</em></strong></span> <span class='ocrx_word' id='word_1_226' title='bbox 2640 2568 2762 2652; x_wconf 84' lang='grc' dir='ltr'><strong><em>γὰρ</em></strong></span> <span class='ocrx_word' id='word_1_227' title='bbox 2809 2570 2848 2653; x_wconf 83' lang='grc' dir='ltr'><strong><em>ἡ</em></strong></span> <span class='ocrx_word' id='word_1_228' title='bbox 2896 2569 3134 2652; x_wconf 88' lang='grc' dir='ltr'><strong><em>λόγοισι</em></strong></span> 
     </span>
     <span class='ocr_line' id='line_1_25' title="bbox 677 2656 3133 2744; baseline 0 -22"><span class='ocrx_word' id='word_1_229' title='bbox 677 2658 925 2742; x_wconf 87' lang='grc' dir='ltr'><strong><em>γενναία</em></strong></span> <span class='ocrx_word' id='word_1_230' title='bbox 973 2657 1129 2742; x_wconf 86' lang='grc' dir='ltr'><strong><em>γυνὴ</em></strong></span> <span class='ocrx_word' id='word_1_231' title='bbox 1179 2664 1294 2722; x_wconf 82' lang='lat' dir='ltr'><strong><em>etc.</em></strong></span> <span class='ocrx_word' id='word_1_232' title='bbox 1352 2656 1423 2722; x_wconf 94' lang='grc' dir='ltr'><strong><em>Ο.</em></strong></span> <span class='ocrx_word' id='word_1_233' title='bbox 1458 2658 1523 2724; x_wconf 86' lang='lat' dir='ltr'><strong><em>O.</em></strong></span> <span class='ocrx_word' id='word_1_234' title='bbox 1578 2660 1766 2722; x_wconf 84' lang='lat'><strong>1143.</strong></span> <span class='ocrx_word' id='word_1_235' title='bbox 1826 2661 1903 2723; x_wconf 84' lang='grc' dir='ltr'><strong><em>οὗ</em></strong></span> <span class='ocrx_word' id='word_1_236' title='bbox 1960 2659 2082 2742; x_wconf 80' lang='grc' dir='ltr'><strong><em>γὰρ</em></strong></span> <span class='ocrx_word' id='word_1_237' title='bbox 2136 2660 2375 2741; x_wconf 88' lang='grc' dir='ltr'><strong><em>λόγοισι</em></strong></span> <span class='ocrx_word' id='word_1_238' title='bbox 2430 2659 2536 2723; x_wconf 88' lang='grc' dir='ltr'><strong><em>τὸν</em></strong></span> <span class='ocrx_word' id='word_1_239' title='bbox 2580 2660 2722 2744; x_wconf 81' lang='grc' dir='ltr'><strong><em>βίον</em></strong></span> <span class='ocrx_word' id='word_1_240' title='bbox 2769 2660 3133 2734; x_wconf 81' lang='grc' dir='ltr'><strong><em>σπουδάζο-</em></strong></span> 
     </span>
     <span class='ocr_line' id='line_1_26' title="bbox 673 2747 3134 2832; baseline -0 -21"><span class='ocrx_word' id='word_1_241' title='bbox 673 2771 794 2831; x_wconf 85' lang='grc' dir='ltr'><strong><em>μεν</em></strong></span> <span class='ocrx_word' id='word_1_242' title='bbox 842 2747 851 2830; x_wconf 81' lang='grc' dir='ltr'>Ι</span> <span class='ocrx_word' id='word_1_243' title='bbox 901 2747 1199 2830; x_wconf 83' lang='grc' dir='ltr'><strong><em>λαμπρὸν</em></strong></span> <span class='ocrx_word' id='word_1_244' title='bbox 1261 2749 1579 2812; x_wconf 87' lang='grc' dir='ltr'><strong><em>ποιεῖσθαι</em></strong></span> <span class='ocrx_word' id='word_1_245' title='bbox 1642 2748 1886 2830; x_wconf 85' lang='grc' dir='ltr'><strong><em>μᾶλλον</em></strong></span> <span class='ocrx_word' id='word_1_246' title='bbox 1950 2752 1989 2832; x_wconf 83' lang='grc' dir='ltr'>ἢ</span> <span class='ocrx_word' id='word_1_247' title='bbox 2055 2756 2184 2820; x_wconf 90' lang='grc' dir='ltr'><strong><em>τοῖς</em></strong></span> <span class='ocrx_word' id='word_1_248' title='bbox 2258 2750 2628 2831; x_wconf 82' lang='grc' dir='ltr'><strong><em>ὁρωμένοις.</em></strong></span> <span class='ocrx_word' id='word_1_249' title='bbox 2693 2747 2844 2812; x_wconf 87' lang='lat' dir='ltr'><strong><em>Eur.</em></strong></span> <span class='ocrx_word' id='word_1_250' title='bbox 2898 2749 3134 2812; x_wconf 85' lang='lat' dir='ltr'>Phoen.</span> 
     </span>
     <span class='ocr_line' id='line_1_27' title="bbox 682 2835 2572 2921; baseline 0.001 -21"><span class='ocrx_word' id='word_1_251' title='bbox 682 2838 869 2900; x_wconf 86' lang='lat'><strong>1494.</strong></span> <span class='ocrx_word' id='word_1_252' title='bbox 918 2835 1082 2901; x_wconf 80' lang='lat' dir='ltr'><strong><em>Med.</em></strong></span> <span class='ocrx_word' id='word_1_253' title='bbox 1133 2837 1278 2900; x_wconf 87' lang='grc'><strong>652.</strong></span> <span class='ocrx_word' id='word_1_254' title='bbox 1331 2838 1474 2900; x_wconf 88' lang='grc'><strong>735.</strong></span> <span class='ocrx_word' id='word_1_255' title='bbox 1522 2836 1678 2902; x_wconf 90' lang='lat' dir='ltr'><strong><em>Hec.</em></strong></span> <span class='ocrx_word' id='word_1_256' title='bbox 1734 2839 1919 2902; x_wconf 84' lang='lat'><strong>1103.</strong></span> <span class='ocrx_word' id='word_1_257' title='bbox 1998 2837 2105 2904; x_wconf 86' lang='lat' dir='ltr'>Sic</span> <span class='ocrx_word' id='word_1_258' title='bbox 2150 2840 2357 2921; x_wconf 86' lang='grc' dir='ltr'><strong><em>ἔργοις</em></strong></span> <span class='ocrx_word' id='word_1_259' title='bbox 2402 2837 2572 2902; x_wconf 84' lang='lat' dir='ltr'>alibi.</span> 
     </span>
    </p>

    <p class='ocr_par' dir='ltr' id='par_1_9' title="bbox 675 2925 3135 3367">
     <span class='ocr_line' id='line_1_28' title="bbox 857 2925 3134 3012; baseline 0.001 -23"><span class='ocrx_word' id='word_1_260' title='bbox 857 2927 1003 2990; x_wconf 84' lang='lat'><strong>544.</strong></span> <span class='ocrx_word' id='word_1_261' title='bbox 1048 2927 1237 3009; x_wconf 84' lang='grc' dir='ltr'><strong><em>μήτοι</em></strong></span> <span class='ocrx_word' id='word_1_262' title='bbox 1269 2963 1352 2971; x_wconf 92' lang='grc'><strong>-</strong></span> <span class='ocrx_word' id='word_1_263' title='bbox 1383 2925 1455 3009; x_wconf 85' lang='grc' dir='ltr'><strong><em>μ’</em></strong></span> <span class='ocrx_word' id='word_1_264' title='bbox 1503 2926 1840 3011; x_wconf 82' lang='grc' dir='ltr'><strong><em>ἀτιμάσῃς]</em></strong></span> <span class='ocrx_word' id='word_1_265' title='bbox 1918 2926 2008 2991; x_wconf 87' lang='lat' dir='ltr'><strong><em>Cf.</em></strong></span> <span class='ocrx_word' id='word_1_266' title='bbox 2059 2926 2128 2990; x_wconf 94' lang='grc' dir='ltr'><strong><em>Ο.</em></strong></span> <span class='ocrx_word' id='word_1_267' title='bbox 2163 2926 2226 2991; x_wconf 88' lang='lat' dir='ltr'><strong><em>C.</em></strong></span> <span class='ocrx_word' id='word_1_268' title='bbox 2283 2928 2469 2991; x_wconf 82' lang='grc'><strong>1407.</strong></span> <span class='ocrx_word' id='word_1_269' title='bbox 2532 2927 2718 3012; x_wconf 90' lang='grc' dir='ltr'><strong><em>μήτοι</em></strong></span> <span class='ocrx_word' id='word_1_270' title='bbox 2773 2952 2856 3010; x_wconf 90' lang='grc' dir='ltr'><strong><em>με</em></strong></span> <span class='ocrx_word' id='word_1_271' title='bbox 2892 2966 2970 2974; x_wconf 92' lang='lat'><strong><em>—-</em></strong></span> <span class='ocrx_word' id='word_1_272' title='bbox 3006 2928 3134 2992; x_wconf 89' lang='grc' dir='ltr'><strong><em>ἀτι-</em></strong></span> 
     </span>
     <span class='ocr_line' id='line_1_29' title="bbox 675 3014 3135 3100; baseline 0 -22"><span class='ocrx_word' id='word_1_273' title='bbox 675 3014 932 3099; x_wconf 88' lang='grc' dir='ltr'><strong><em>μάσητε.</em></strong></span> <span class='ocrx_word' id='word_1_274' title='bbox 985 3015 1173 3079; x_wconf 92' lang='grc'><strong>1439.</strong></span> <span class='ocrx_word' id='word_1_275' title='bbox 1218 3017 1407 3098; x_wconf 90' lang='grc' dir='ltr'><strong><em>μήτοι</em></strong></span> <span class='ocrx_word' id='word_1_276' title='bbox 1450 3015 1521 3098; x_wconf 89' lang='grc' dir='ltr'><strong><em>μ’</em></strong></span> <span class='ocrx_word' id='word_1_277' title='bbox 1563 3016 1824 3098; x_wconf 76' lang='grc' dir='ltr'><strong><em>ὀδύρου.</em></strong></span> <span class='ocrx_word' id='word_1_278' title='bbox 1872 3018 1974 3080; x_wconf 89' lang='lat'><strong><em>49.</em></strong></span> <span class='ocrx_word' id='word_1_279' title='bbox 2019 3019 2112 3100; x_wconf 92' lang='grc' dir='ltr'><strong><em>μή</em></strong></span> <span class='ocrx_word' id='word_1_280' title='bbox 2157 3020 2226 3100; x_wconf 94' lang='grc' dir='ltr'><strong><em>μ’</em></strong></span> <span class='ocrx_word' id='word_1_281' title='bbox 2275 3017 2596 3100; x_wconf 83' lang='grc' dir='ltr'><strong><em>ἀτιμάσῃς.</em></strong></span> <span class='ocrx_word' id='word_1_282' title='bbox 2653 3018 2881 3081; x_wconf 84' lang='lat' dir='ltr'>Aesch.</span> <span class='ocrx_word' id='word_1_283' title='bbox 2925 3016 3135 3081; x_wconf 85' lang='lat' dir='ltr'>Prom.</span> 
     </span>
     <span class='ocr_line' id='line_1_30' title="bbox 680 3104 3135 3189; baseline 0.001 -21"><span class='ocrx_word' id='word_1_284' title='bbox 680 3105 826 3168; x_wconf 89' lang='grc'><strong>625.</strong></span> <span class='ocrx_word' id='word_1_285' title='bbox 880 3105 1068 3188; x_wconf 85' lang='grc' dir='ltr'><strong><em>μήτοι</em></strong></span> <span class='ocrx_word' id='word_1_286' title='bbox 1111 3128 1195 3187; x_wconf 89' lang='grc' dir='ltr'><strong><em>με</em></strong></span> <span class='ocrx_word' id='word_1_287' title='bbox 1239 3104 1498 3187; x_wconf 84' lang='grc' dir='ltr'><strong><em>κρύψῃς</em></strong></span> <span class='ocrx_word' id='word_1_288' title='bbox 1551 3111 1737 3169; x_wconf 85' lang='grc' dir='ltr'><strong><em>τοῦτο</em></strong></span> <span class='ocrx_word' id='word_1_289' title='bbox 1786 3130 1904 3181; x_wconf 88' lang='lat'><strong><em>—,·</em></strong></span> <span class='ocrx_word' id='word_1_290' title='bbox 1969 3108 2115 3170; x_wconf 87' lang='grc'><strong>436.</strong></span> <span class='ocrx_word' id='word_1_291' title='bbox 2162 3108 2350 3189; x_wconf 89' lang='grc' dir='ltr'><strong><em>μήτοι</em></strong></span> <span class='ocrx_word' id='word_1_292' title='bbox 2394 3106 2577 3189; x_wconf 83' lang='grc' dir='ltr'><strong><em>χλιὸῇ</em></strong></span> <span class='ocrx_word' id='word_1_293' title='bbox 2626 3107 2865 3171; x_wconf 80' lang='grc' dir='ltr'><strong><em>δοκεῖτε</em></strong></span> <span class='ocrx_word' id='word_1_294' title='bbox 2917 3144 2994 3152; x_wconf 89' lang='grc'><strong>-</strong></span> <span class='ocrx_word' id='word_1_295' title='bbox 3044 3131 3135 3170; x_wconf 89' lang='grc' dir='ltr'><strong><em>σι-</em></strong></span> 
     </span>
     <span class='ocr_line' id='line_1_31' title="bbox 680 3192 3135 3279; baseline 0 -22"><span class='ocrx_word' id='word_1_296' title='bbox 680 3198 798 3276; x_wconf 83' lang='grc' dir='ltr'><strong><em>γᾶν</em></strong></span> <span class='ocrx_word' id='word_1_297' title='bbox 841 3217 940 3276; x_wconf 87' lang='grc' dir='ltr'><strong><em>με.</em></strong></span> <span class='ocrx_word' id='word_1_298' title='bbox 1093 3192 1165 3257; x_wconf 85' lang='grc' dir='ltr'><strong><em>τὸ</em></strong></span> <span class='ocrx_word' id='word_1_299' title='bbox 1210 3193 1301 3276; x_wconf 86' lang='grc' dir='ltr'><strong><em>μὴ</em></strong></span> <span class='ocrx_word' id='word_1_300' title='bbox 1352 3194 1430 3257; x_wconf 85' lang='grc' dir='ltr'><strong><em>οὗ</em></strong></span> <span class='ocrx_word' id='word_1_301' title='bbox 1466 3197 1579 3275; x_wconf 87' lang='grc'><strong><em>-]</em></strong></span> <span class='ocrx_word' id='word_1_302' title='bbox 1630 3192 1719 3258; x_wconf 83' lang='lat' dir='ltr'><strong><em>Cf.</em></strong></span> <span class='ocrx_word' id='word_1_303' title='bbox 1773 3196 1997 3260; x_wconf 83' lang='lat' dir='ltr'>Aesch.</span> <span class='ocrx_word' id='word_1_304' title='bbox 2031 3197 2149 3279; x_wconf 83' lang='lat' dir='ltr'><strong><em>Ag.</em></strong></span> <span class='ocrx_word' id='word_1_305' title='bbox 2203 3197 2301 3259; x_wconf 88' lang='grc'><strong><em>15.</em></strong></span> <span class='ocrx_word' id='word_1_306' title='bbox 2341 3197 2754 3260; x_wconf 82' lang='lat'><strong>1079.1497.</strong></span> <span class='ocrx_word' id='word_1_307' title='bbox 2804 3193 2953 3260; x_wconf 86' lang='lat' dir='ltr'><strong><em>Cho.</em></strong></span> <span class='ocrx_word' id='word_1_308' title='bbox 2988 3198 3135 3260; x_wconf 87' lang='grc'><strong>300.</strong></span> 
     </span>
     <span class='ocr_line' id='line_1_32' title="bbox 677 3281 3135 3367; baseline 0.001 -21"><span class='ocrx_word' id='word_1_309' title='bbox 677 3281 862 3346; x_wconf 87' lang='lat' dir='ltr'><strong><em>Eum.</em></strong></span> <span class='ocrx_word' id='word_1_310' title='bbox 897 3282 1043 3345; x_wconf 87' lang='lat'><strong>691.</strong></span> <span class='ocrx_word' id='word_1_311' title='bbox 1096 3282 1250 3346; x_wconf 78' lang='lat' dir='ltr'>Plat.</span> <span class='ocrx_word' id='word_1_312' title='bbox 1297 3281 1482 3367; x_wconf 84' lang='lat' dir='ltr'>Resp.</span> <span class='ocrx_word' id='word_1_313' title='bbox 1530 3282 1577 3346; x_wconf 94' lang='grc' dir='ltr'><strong><em>Ι.</em></strong></span> <span class='ocrx_word' id='word_1_314' title='bbox 1628 3285 1758 3348; x_wconf 87' lang='grc'><strong><em>354</em></strong></span> <span class='ocrx_word' id='word_1_315' title='bbox 1783 3283 1852 3348; x_wconf 93' lang='grc' dir='ltr'><strong><em>Β.</em></strong></span> <span class='ocrx_word' id='word_1_316' title='bbox 1904 3284 2127 3349; x_wconf 86' lang='lat' dir='ltr'>Aesch.</span> <span class='ocrx_word' id='word_1_317' title='bbox 2174 3285 2271 3350; x_wconf 87' lang='lat' dir='ltr'><strong><em>Fr.</em></strong></span> <span class='ocrx_word' id='word_1_318' title='bbox 2322 3287 2467 3349; x_wconf 88' lang='grc'><strong>255.</strong></span> <span class='ocrx_word' id='word_1_319' title='bbox 2515 3283 2573 3348; x_wconf 84' lang='grc' dir='ltr'><em>ὦ</em></span> <span class='ocrx_word' id='word_1_320' title='bbox 2619 3285 2856 3349; x_wconf 87' lang='grc' dir='ltr'><strong><em>θάνατε</em></strong></span> <span class='ocrx_word' id='word_1_321' title='bbox 2903 3284 3135 3359; x_wconf 84' lang='grc' dir='ltr'><strong><em>Παιὰν,</em></strong></span> 
     </span>
    </p>
   </div>
   <div class='ocr_carea' id='block_1_3' title="bbox 676 3371 3135 3458">
    <p class='ocr_par' dir='ltr' id='par_1_10' title="bbox 676 3371 3135 3458">
     <span class='ocr_line' id='line_1_33' title="bbox 676 3371 3135 3458; baseline 0.001 -24"><span class='ocrx_word' id='word_1_322' title='bbox 676 3373 768 3455; x_wconf 91' lang='grc' dir='ltr'><strong><em>μή</em></strong></span> <span class='ocrx_word' id='word_1_323' title='bbox 824 3371 894 3454; x_wconf 88' lang='grc' dir='ltr'><strong><em>μ’</em></strong></span> <span class='ocrx_word' id='word_1_324' title='bbox 951 3371 1259 3454; x_wconf 79' lang='grc' dir='ltr'><strong><em>ἀτιμάσῃς</em></strong></span> <span class='ocrx_word' id='word_1_325' title='bbox 1319 3373 1537 3455; x_wconf 82' lang='grc' dir='ltr'><strong><em>μολεῖν</em></strong></span> <span class='ocrx_word' id='word_1_326' title='bbox 1603 3377 1739 3456; x_wconf 82' lang='lat' dir='ltr'>(qn.</span> <span class='ocrx_word' id='word_1_327' title='bbox 1801 3375 1893 3457; x_wconf 92' lang='grc' dir='ltr'><strong><em>μή</em></strong></span> <span class='ocrx_word' id='word_1_328' title='bbox 1958 3377 2027 3456; x_wconf 82' lang='grc' dir='ltr'><strong><em>μ’</em></strong></span> <span class='ocrx_word' id='word_1_329' title='bbox 2075 3375 2383 3458; x_wconf 84' lang='grc' dir='ltr'><strong><em>ἀτιμάσῃς</em></strong></span> <span class='ocrx_word' id='word_1_330' title='bbox 2435 3374 2506 3438; x_wconf 85' lang='grc' dir='ltr'><strong><em>τὸ</em></strong></span> <span class='ocrx_word' id='word_1_331' title='bbox 2560 3374 2651 3457; x_wconf 85' lang='grc' dir='ltr'><strong><em>μὴ</em></strong></span> <span class='ocrx_word' id='word_1_332' title='bbox 2711 3376 2789 3438; x_wconf 86' lang='grc' dir='ltr'><strong><em>οὗ</em></strong></span> <span class='ocrx_word' id='word_1_333' title='bbox 2831 3379 2840 3457; x_wconf 80' lang='grc' dir='ltr'>Ι</span> <span class='ocrx_word' id='word_1_334' title='bbox 2879 3374 3135 3458; x_wconf 83' lang='grc' dir='ltr'><strong><em>μολεῖν).</em></strong></span> 
     </span>
    </p>
   </div>
   <div class='ocr_carea' id='block_1_4' title="bbox 678 3461 3232 3547">
    <p class='ocr_par' dir='ltr' id='par_1_11' title="bbox 678 3461 3232 3547">
     <span class='ocr_line' id='line_1_34' title="bbox 678 3461 3232 3547; baseline 0.001 -23"><span class='ocrx_word' id='word_1_335' title='bbox 678 3461 868 3525; x_wconf 84' lang='lat' dir='ltr'>Arist.</span> <span class='ocrx_word' id='word_1_336' title='bbox 917 3463 1036 3525; x_wconf 78' lang='lat' dir='ltr'><strong><em>AV.</em></strong></span> <span class='ocrx_word' id='word_1_337' title='bbox 1086 3461 1185 3525; x_wconf 88' lang='grc'><strong><em>36.</em></strong></span> <span class='ocrx_word' id='word_1_338' title='bbox 1251 3461 1448 3544; x_wconf 79' lang='grc' dir='ltr'><strong><em>αὐτὴν</em></strong></span> <span class='ocrx_word' id='word_1_339' title='bbox 1509 3462 1629 3544; x_wconf 87' lang='grc' dir='ltr'><strong><em>μὲν</em></strong></span> <span class='ocrx_word' id='word_1_340' title='bbox 1684 3463 1763 3526; x_wconf 81' lang='grc' dir='ltr'><strong><em>οὐ</em></strong></span> <span class='ocrx_word' id='word_1_341' title='bbox 1816 3464 2100 3545; x_wconf 83' lang='grc' dir='ltr'><strong><em>μισοῦντ’</em></strong></span> <span class='ocrx_word' id='word_1_342' title='bbox 2157 3464 2399 3547; x_wconf 82' lang='grc' dir='ltr'><strong><em>ἐκείνην</em></strong></span> <span class='ocrx_word' id='word_1_343' title='bbox 2460 3464 2573 3547; x_wconf 90' lang='grc' dir='ltr'><strong><em>τὴν</em></strong></span> <span class='ocrx_word' id='word_1_344' title='bbox 2635 3464 2818 3527; x_wconf 87' lang='grc' dir='ltr'><strong><em>πόλιν</em></strong></span> <span class='ocrx_word' id='word_1_345' title='bbox 2859 3463 2868 3547; x_wconf 77' lang='grc' dir='ltr'>Ι</span> <span class='ocrx_word' id='word_1_346' title='bbox 2907 3464 2979 3528; x_wconf 88' lang='grc' dir='ltr'><strong><em>τὸ</em></strong></span> <span class='ocrx_word' id='word_1_347' title='bbox 3041 3464 3133 3547; x_wconf 89' lang='grc' dir='ltr'><strong><em>μὴ</em></strong></span> <span class='ocrx_word' id='word_1_348' title='bbox 3225 3523 3232 3528; x_wconf 85' lang='grc'><strong>.</strong></span> 
     </span>
    </p>
   </div>
   <div class='ocr_carea' id='block_1_5' title="bbox 672 3549 3139 4619">
    <p class='ocr_par' dir='ltr' id='par_1_12' title="bbox 679 3549 2236 3634">
     <span class='ocr_line' id='line_1_35' title="bbox 679 3549 2236 3634; baseline 0.001 -19"><span class='ocrx_word' id='word_1_349' title='bbox 679 3551 757 3616; x_wconf 84' lang='grc' dir='ltr'><strong><em>οὗ</em></strong></span> <span class='ocrx_word' id='word_1_350' title='bbox 801 3551 1083 3634; x_wconf 81' lang='grc' dir='ltr'><strong><em>μεγάλην</em></strong></span> <span class='ocrx_word' id='word_1_351' title='bbox 1128 3549 1283 3615; x_wconf 78' lang='grc' dir='ltr'><strong><em>εἶναι</em></strong></span> <span class='ocrx_word' id='word_1_352' title='bbox 1329 3558 1444 3615; x_wconf 89' lang='lat' dir='ltr'><strong><em>etc.</em></strong></span> <span class='ocrx_word' id='word_1_353' title='bbox 1491 3550 1649 3615; x_wconf 88' lang='lat' dir='ltr'><strong><em>Rau.</em></strong></span> <span class='ocrx_word' id='word_1_354' title='bbox 1698 3552 1801 3615; x_wconf 92' lang='grc'><strong><em>68.</em></strong></span> <span class='ocrx_word' id='word_1_355' title='bbox 1850 3551 1995 3634; x_wconf 82' lang='lat' dir='ltr'><strong>Lys.</strong></span> <span class='ocrx_word' id='word_1_356' title='bbox 2050 3554 2236 3616; x_wconf 89' lang='grc'><strong>1196.</strong></span> 
     </span>
    </p>

    <p class='ocr_par' dir='ltr' id='par_1_13' title="bbox 678 3639 3138 4350">
     <span class='ocr_line' id='line_1_36' title="bbox 859 3639 1899 3724; baseline 0.001 -22"><span class='ocrx_word' id='word_1_357' title='bbox 859 3642 1005 3703; x_wconf 88' lang='grc'><strong>545.</strong></span> <span class='ocrx_word' id='word_1_358' title='bbox 1053 3639 1328 3724; x_wconf 81' lang='grc' dir='ltr'><strong><em>ἁγνίσαι]</em></strong></span> <span class='ocrx_word' id='word_1_359' title='bbox 1378 3639 1582 3704; x_wconf 84' lang='lat' dir='ltr'>Schol.</span> <span class='ocrx_word' id='word_1_360' title='bbox 1628 3646 1899 3723; x_wconf 86' lang='grc' dir='ltr'><strong><em>τιμῆσαι.</em></strong></span> 
     </span>
     <span class='ocr_line' id='line_1_37' title="bbox 684 3728 3136 3815; baseline 0.001 -23"><span class='ocrx_word' id='word_1_361' title='bbox 684 3758 691 3766; x_wconf 95' lang='grc'><em>·</em></span> <span class='ocrx_word' id='word_1_362' title='bbox 860 3730 1005 3792; x_wconf 91' lang='grc'><strong>546.</strong></span> <span class='ocrx_word' id='word_1_363' title='bbox 1052 3728 1268 3813; x_wconf 85' lang='grc' dir='ltr'><strong><em>κοινὰ]</em></strong></span> <span class='ocrx_word' id='word_1_364' title='bbox 1319 3729 1508 3811; x_wconf 86' lang='lat' dir='ltr'>Una,</span> <span class='ocrx_word' id='word_1_365' title='bbox 1554 3730 1799 3793; x_wconf 86' lang='lat' dir='ltr'>simul.</span> <span class='ocrx_word' id='word_1_366' title='bbox 1878 3729 1964 3793; x_wconf 83' lang='lat' dir='ltr'><strong><em>Cf.</em></strong></span> <span class='ocrx_word' id='word_1_367' title='bbox 1999 3731 2095 3814; x_wconf 88' lang='lat' dir='ltr'><strong><em>Aj.</em></strong></span> <span class='ocrx_word' id='word_1_368' title='bbox 2132 3731 2277 3795; x_wconf 88' lang='grc'><strong>577.</strong></span> <span class='ocrx_word' id='word_1_369' title='bbox 2323 3731 2396 3795; x_wconf 86' lang='grc' dir='ltr'><strong><em>τὰ</em></strong></span> <span class='ocrx_word' id='word_1_370' title='bbox 2447 3731 2504 3796; x_wconf 81' lang='grc' dir='ltr'><strong><em>δ’</em></strong></span> <span class='ocrx_word' id='word_1_371' title='bbox 2536 3731 2692 3795; x_wconf 80' lang='grc' dir='ltr'><strong><em>ἄλλα</em></strong></span> <span class='ocrx_word' id='word_1_372' title='bbox 2737 3731 2925 3815; x_wconf 85' lang='grc' dir='ltr'><strong><em>τεύχη</em></strong></span> <span class='ocrx_word' id='word_1_373' title='bbox 2975 3732 3136 3796; x_wconf 86' lang='grc' dir='ltr'><strong><em>κοίν’</em></strong></span> 
     </span>
     <span class='ocr_line' id='line_1_38' title="bbox 679 3816 3136 3906; baseline -0.001 -22"><span class='ocrx_word' id='word_1_374' title='bbox 679 3819 822 3901; x_wconf 77' lang='grc' dir='ltr'><strong><em>ἐμοὶ</em></strong></span> <span class='ocrx_word' id='word_1_375' title='bbox 867 3818 1225 3901; x_wconf 76' lang='grc' dir='ltr'><strong><em>τεθάψεται.</em></strong></span> <span class='ocrx_word' id='word_1_376' title='bbox 1304 3816 1409 3881; x_wconf 82' lang='lat' dir='ltr'><strong><em>Sic</em></strong></span> <span class='ocrx_word' id='word_1_377' title='bbox 1455 3818 1611 3891; x_wconf 81' lang='grc' dir='ltr'><strong><em>ξυνὰ</em></strong></span> <span class='ocrx_word' id='word_1_378' title='bbox 1654 3818 1724 3884; x_wconf 93' lang='lat' dir='ltr'><strong><em>O.</em></strong></span> <span class='ocrx_word' id='word_1_379' title='bbox 1760 3818 1823 3882; x_wconf 88' lang='lat' dir='ltr'><strong><em>C.</em></strong></span> <span class='ocrx_word' id='word_1_380' title='bbox 1862 3821 2051 3884; x_wconf 88' lang='grc'><strong>1752.</strong></span> <span class='ocrx_word' id='word_1_381' title='bbox 2185 3821 2342 3904; x_wconf 81' lang='grc' dir='ltr'><strong><em>μηδ’</em></strong></span> <span class='ocrx_word' id='word_1_382' title='bbox 2389 3823 2429 3884; x_wconf 85' lang='grc' dir='ltr'>ἃ</span> <span class='ocrx_word' id='word_1_383' title='bbox 2475 3821 2566 3904; x_wconf 90' lang='grc' dir='ltr'><strong><em>μὴ</em></strong></span> <span class='ocrx_word' id='word_1_384' title='bbox 2620 3820 2814 3903; x_wconf 88' lang='grc' dir='ltr'><strong><em>’θιγες</em></strong></span> <span class='ocrx_word' id='word_1_385' title='bbox 2847 3821 2954 3906; x_wconf 89' lang='lat'><strong><em>——]</em></strong></span> <span class='ocrx_word' id='word_1_386' title='bbox 3003 3820 3050 3885; x_wconf 94' lang='lat' dir='ltr'><strong><em>I.</em></strong></span> <span class='ocrx_word' id='word_1_387' title='bbox 3085 3841 3136 3886; x_wconf 89' lang='lat' dir='ltr'><strong><em>e.</em></strong></span> 
     </span>
     <span class='ocr_line' id='line_1_39' title="bbox 678 3906 3138 3994; baseline 0.001 -23"><span class='ocrx_word' id='word_1_388' title='bbox 678 3907 847 3991; x_wconf 81' lang='grc' dir='ltr'><strong><em>μηόὲ</em></strong></span> <span class='ocrx_word' id='word_1_389' title='bbox 892 3913 1082 3972; x_wconf 85' lang='grc' dir='ltr'><strong><em>ποιοῦ</em></strong></span> <span class='ocrx_word' id='word_1_390' title='bbox 1130 3913 1395 3990; x_wconf 85' lang='grc' dir='ltr'><strong><em>σεαυτῆς</em></strong></span> <span class='ocrx_word' id='word_1_391' title='bbox 1440 3914 1631 3971; x_wconf 82' lang='grc' dir='ltr'><strong><em>ταῦτα</em></strong></span> <span class='ocrx_word' id='word_1_392' title='bbox 1689 3906 1785 3973; x_wconf 83' lang='grc' dir='ltr'><strong><em>ὧν</em></strong></span> <span class='ocrx_word' id='word_1_393' title='bbox 1838 3910 1929 3993; x_wconf 85' lang='grc' dir='ltr'><strong><em>μὴ</em></strong></span> <span class='ocrx_word' id='word_1_394' title='bbox 1979 3911 2201 3992; x_wconf 89' lang='grc' dir='ltr'><strong><em>ἔθιγες.</em></strong></span> <span class='ocrx_word' id='word_1_395' title='bbox 2281 3909 2642 3975; x_wconf 79' lang='lat' dir='ltr'>Relativum</span> <span class='ocrx_word' id='word_1_396' title='bbox 2691 3931 2838 3974; x_wconf 89' lang='lat' dir='ltr'><strong><em>cum</em></strong></span> <span class='ocrx_word' id='word_1_397' title='bbox 2884 3930 3138 3994; x_wconf 87' lang='lat' dir='ltr'>praece-</span> 
     </span>
     <span class='ocr_line' id='line_1_40' title="bbox 678 3996 3137 4082; baseline 0.002 -22"><span class='ocrx_word' id='word_1_398' title='bbox 678 3997 855 4061; x_wconf 85' lang='lat' dir='ltr'>denti</span> <span class='ocrx_word' id='word_1_399' title='bbox 904 3996 1123 4077; x_wconf 87' lang='lat' dir='ltr'>verbo,</span> <span class='ocrx_word' id='word_1_400' title='bbox 1171 4016 1304 4060; x_wconf 90' lang='lat' dir='ltr'><strong><em>non</em></strong></span> <span class='ocrx_word' id='word_1_401' title='bbox 1333 4016 1479 4060; x_wconf 91' lang='lat' dir='ltr'><strong><em>cum</em></strong></span> <span class='ocrx_word' id='word_1_402' title='bbox 1511 4001 1829 4082; x_wconf 83' lang='lat' dir='ltr'>sequenti,</span> <span class='ocrx_word' id='word_1_403' title='bbox 1876 4000 2281 4064; x_wconf 84' lang='lat' dir='ltr'>construitur.</span> <span class='ocrx_word' id='word_1_404' title='bbox 2359 4000 2531 4064; x_wconf 87' lang='lat' dir='ltr'>“Hic</span> <span class='ocrx_word' id='word_1_405' title='bbox 2574 4000 2672 4064; x_wconf 85' lang='lat' dir='ltr'>vis</span> <span class='ocrx_word' id='word_1_406' title='bbox 2720 4000 2898 4065; x_wconf 87' lang='lat' dir='ltr'>verbi</span> <span class='ocrx_word' id='word_1_407' title='bbox 2947 4007 3137 4064; x_wconf 86' lang='grc' dir='ltr'><strong><em>ποιοῦ</em></strong></span> 
     </span>
     <span class='ocr_line' id='line_1_41' title="bbox 679 4085 3136 4169; baseline 0 -18"><span class='ocrx_word' id='word_1_408' title='bbox 679 4086 1048 4151; x_wconf 83' lang='lat' dir='ltr'>extenditur</span> <span class='ocrx_word' id='word_1_409' title='bbox 1101 4085 1181 4149; x_wconf 87' lang='lat' dir='ltr'><strong><em>ad</em></strong></span> <span class='ocrx_word' id='word_1_410' title='bbox 1236 4090 1663 4169; x_wconf 86' lang='lat' dir='ltr'>pronomen”,</span> <span class='ocrx_word' id='word_1_411' title='bbox 1731 4087 1893 4152; x_wconf 91' lang='lat' dir='ltr'>bene</span> <span class='ocrx_word' id='word_1_412' title='bbox 1957 4089 2254 4153; x_wconf 85' lang='lat' dir='ltr'>observat</span> <span class='ocrx_word' id='word_1_413' title='bbox 2297 4088 2540 4153; x_wconf 87' lang='lat' dir='ltr'>Wakef.</span> <span class='ocrx_word' id='word_1_414' title='bbox 2588 4090 2668 4154; x_wconf 84' lang='lat' dir='ltr'><strong><em>ad</em></strong></span> <span class='ocrx_word' id='word_1_415' title='bbox 2723 4089 2941 4154; x_wconf 84' lang='lat' dir='ltr'><strong><em>Trach.</em></strong></span> <span class='ocrx_word' id='word_1_416' title='bbox 2991 4092 3136 4153; x_wconf 81' lang='lat'><strong>715.</strong></span> 
     </span>
     <span class='ocr_line' id='line_1_42' title="bbox 679 4173 3137 4261; baseline 0.001 -23"><span class='ocrx_word' id='word_1_417' title='bbox 679 4176 864 4246; x_wconf 84' lang='grc' dir='ltr'><strong><em>αἰτεῖς</em></strong></span> <span class='ocrx_word' id='word_1_418' title='bbox 908 4177 949 4238; x_wconf 87' lang='grc' dir='ltr'>ἃ</span> <span class='ocrx_word' id='word_1_419' title='bbox 995 4176 1208 4248; x_wconf 84' lang='grc' dir='ltr'><strong><em>τεύξει.</em></strong></span> <span class='ocrx_word' id='word_1_420' title='bbox 1267 4173 1336 4239; x_wconf 92' lang='grc' dir='ltr'><strong><em>Ο.</em></strong></span> <span class='ocrx_word' id='word_1_421' title='bbox 1371 4174 1437 4240; x_wconf 85' lang='lat' dir='ltr'><strong><em>C.</em></strong></span> <span class='ocrx_word' id='word_1_422' title='bbox 1487 4178 1632 4239; x_wconf 87' lang='lat'><strong>839.</strong></span> <span class='ocrx_word' id='word_1_423' title='bbox 1679 4177 1771 4259; x_wconf 86' lang='grc' dir='ltr'><strong><em>μὴ</em></strong></span> <span class='ocrx_word' id='word_1_424' title='bbox 1824 4177 2085 4242; x_wconf 84' lang='grc' dir='ltr'><strong><em>’πίτασσ’</em></strong></span> <span class='ocrx_word' id='word_1_425' title='bbox 2131 4180 2172 4241; x_wconf 85' lang='grc' dir='ltr'><strong>ἃ</strong></span> <span class='ocrx_word' id='word_1_426' title='bbox 2212 4177 2303 4261; x_wconf 90' lang='grc' dir='ltr'><strong><em>μὴ</em></strong></span> <span class='ocrx_word' id='word_1_427' title='bbox 2352 4184 2615 4260; x_wconf 87' lang='grc' dir='ltr'><strong><em>κρατεῖς.</em></strong></span> <span class='ocrx_word' id='word_1_428' title='bbox 2695 4178 2926 4244; x_wconf 78' lang='lat' dir='ltr'>Contra</span> <span class='ocrx_word' id='word_1_429' title='bbox 2975 4180 3137 4243; x_wconf 90' lang='lat' dir='ltr'>Phil.</span> 
     </span>
     <span class='ocr_line' id='line_1_43' title="bbox 685 4265 2566 4350; baseline 0.003 -23"><span class='ocrx_word' id='word_1_430' title='bbox 685 4265 872 4328; x_wconf 90' lang='grc'><strong>1011.</strong></span> <span class='ocrx_word' id='word_1_431' title='bbox 920 4265 1224 4346; x_wconf 88' lang='grc' dir='ltr'><strong><em>ἀλγεινῶς</em></strong></span> <span class='ocrx_word' id='word_1_432' title='bbox 1269 4266 1491 4347; x_wconf 83' lang='grc' dir='ltr'><strong><em>φέρων</em></strong></span> <span class='ocrx_word' id='word_1_433' title='bbox 1531 4265 1540 4349; x_wconf 86' lang='grc' dir='ltr'>Ι</span> <span class='ocrx_word' id='word_1_434' title='bbox 1582 4265 1675 4336; x_wconf 81' lang='grc' dir='ltr'><strong><em>οἷς</em></strong></span> <span class='ocrx_word' id='word_1_435' title='bbox 1719 4266 1772 4328; x_wconf 87' lang='grc' dir='ltr'><strong><em>τ’</em></strong></span> <span class='ocrx_word' id='word_1_436' title='bbox 1820 4267 2011 4338; x_wconf 83' lang='grc' dir='ltr'><strong><em>αὐτὸς</em></strong></span> <span class='ocrx_word' id='word_1_437' title='bbox 2056 4268 2404 4350; x_wconf 80' lang='grc' dir='ltr'><strong><em>ἐξήμαρτεν</em></strong></span> <span class='ocrx_word' id='word_1_438' title='bbox 2451 4274 2566 4333; x_wconf 84' lang='lat' dir='ltr'><strong><em>etc.</em></strong></span> 
     </span>
    </p>

    <p class='ocr_par' dir='ltr' id='par_1_14' title="bbox 672 4354 3137 4619">
     <span class='ocr_line' id='line_1_44' title="bbox 860 4354 3136 4441; baseline 0.003 -25"><span class='ocrx_word' id='word_1_439' title='bbox 860 4355 1004 4416; x_wconf 88' lang='grc'><strong>547.</strong></span> <span class='ocrx_word' id='word_1_440' title='bbox 1053 4354 1311 4435; x_wconf 86' lang='grc' dir='ltr'><strong><em>ἀρκέσω</em></strong></span> <span class='ocrx_word' id='word_1_441' title='bbox 1355 4354 1705 4436; x_wconf 83' lang='grc' dir='ltr'><strong><em>θνήσκουσ’</em></strong></span> <span class='ocrx_word' id='word_1_442' title='bbox 1754 4355 1914 4439; x_wconf 81' lang='grc' dir='ltr'><strong><em>ἐγώ]</em></strong></span> <span class='ocrx_word' id='word_1_443' title='bbox 1966 4355 2052 4419; x_wconf 85' lang='lat' dir='ltr'><strong><em>Cf.</em></strong></span> <span class='ocrx_word' id='word_1_444' title='bbox 2089 4358 2183 4437; x_wconf 87' lang='lat' dir='ltr'><strong><em>Aj.</em></strong></span> <span class='ocrx_word' id='word_1_445' title='bbox 2222 4359 2320 4420; x_wconf 89' lang='grc'><strong><em>76.</em></strong></span> <span class='ocrx_word' id='word_1_446' title='bbox 2369 4358 2556 4421; x_wconf 81' lang='grc' dir='ltr'><strong><em>ἔνδον</em></strong></span> <span class='ocrx_word' id='word_1_447' title='bbox 2587 4358 2857 4440; x_wconf 87' lang='grc' dir='ltr'><strong><em>ἀρκείτω</em></strong></span> <span class='ocrx_word' id='word_1_448' title='bbox 2902 4359 3136 4441; x_wconf 86' lang='grc' dir='ltr'><strong><em>μένων.</em></strong></span> 
     </span>
     <span class='ocr_line' id='line_1_45' title="bbox 672 4439 3137 4529; baseline 0.003 -24"><span class='ocrx_word' id='word_1_449' title='bbox 672 4441 751 4506; x_wconf 85' lang='grc' dir='ltr'><strong><em>Ο.</em></strong></span> <span class='ocrx_word' id='word_1_450' title='bbox 786 4439 849 4506; x_wconf 83' lang='lat' dir='ltr'><strong><em>C.</em></strong></span> <span class='ocrx_word' id='word_1_451' title='bbox 900 4443 1047 4506; x_wconf 92' lang='grc'><strong>498.</strong></span> <span class='ocrx_word' id='word_1_452' title='bbox 1097 4442 1166 4507; x_wconf 90' lang='lat' dir='ltr'><strong><em>O.</em></strong></span> <span class='ocrx_word' id='word_1_453' title='bbox 1200 4440 1271 4506; x_wconf 90' lang='lat' dir='ltr'><strong><em>R.</em></strong></span> <span class='ocrx_word' id='word_1_454' title='bbox 1327 4443 1512 4506; x_wconf 91' lang='grc'><strong>1061.</strong></span> <span class='ocrx_word' id='word_1_455' title='bbox 1577 4443 1711 4515; x_wconf 81' lang='grc' dir='ltr'><strong><em>ἅλις</em></strong></span> <span class='ocrx_word' id='word_1_456' title='bbox 1766 4445 2021 4509; x_wconf 87' lang='grc' dir='ltr'><strong><em>νοσοῦσ’</em></strong></span> <span class='ocrx_word' id='word_1_457' title='bbox 2079 4447 2222 4529; x_wconf 80' lang='grc' dir='ltr'><strong>ἐγώ.</strong></span> <span class='ocrx_word' id='word_1_458' title='bbox 2292 4445 2438 4510; x_wconf 86' lang='lat' dir='ltr'><strong><em>Eur.</em></strong></span> <span class='ocrx_word' id='word_1_459' title='bbox 2489 4447 2591 4511; x_wconf 91' lang='lat' dir='ltr'><strong><em>Or.</em></strong></span> <span class='ocrx_word' id='word_1_460' title='bbox 2645 4449 2831 4511; x_wconf 89' lang='grc'><strong>1608.</strong></span> <span class='ocrx_word' id='word_1_461' title='bbox 2880 4448 3137 4529; x_wconf 86' lang='grc' dir='ltr'><strong><em>ἀρκέσω</em></strong></span> 
     </span>
     <span class='ocr_line' id='line_1_46' title="bbox 681 4529 3139 4619; baseline 0.002 -24"><span class='ocrx_word' id='word_1_462' title='bbox 681 4529 738 4594; x_wconf 80' lang='grc' dir='ltr'><strong><em>δ’</em></strong></span> <span class='ocrx_word' id='word_1_463' title='bbox 784 4531 914 4615; x_wconf 81' lang='grc' dir='ltr'><strong><em>ἐγὼ</em></strong></span> <span class='ocrx_word' id='word_1_464' title='bbox 960 4531 1179 4614; x_wconf 88' lang='grc' dir='ltr'><strong><em>λέγων.</em></strong></span> <span class='ocrx_word' id='word_1_465' title='bbox 1210 4530 1377 4597; x_wconf 90' lang='lat' dir='ltr'><strong><em>Her.</em></strong></span> <span class='ocrx_word' id='word_1_466' title='bbox 1414 4533 1559 4595; x_wconf 91' lang='grc'><strong>576.</strong></span> <span class='ocrx_word' id='word_1_467' title='bbox 1607 4533 1945 4616; x_wconf 83' lang='grc' dir='ltr'><strong><em>ἀρκέσουσι</em></strong></span> <span class='ocrx_word' id='word_1_468' title='bbox 1994 4535 2115 4619; x_wconf 81' lang='grc' dir='ltr'><strong><em>γὰρ</em></strong></span> <span class='ocrx_word' id='word_1_469' title='bbox 2162 4540 2267 4616; x_wconf 87' lang='lat' dir='ltr'><strong><em>(sc.</em></strong></span> <span class='ocrx_word' id='word_1_470' title='bbox 2299 4535 2527 4601; x_wconf 80' lang='grc' dir='ltr'><strong><em>τοιοίδε</em></strong></span> <span class='ocrx_word' id='word_1_471' title='bbox 2558 4538 2767 4615; x_wconf 87' lang='grc' dir='ltr'><strong><em>ὄντες).</em></strong></span> <span class='ocrx_word' id='word_1_472' title='bbox 2821 4536 2953 4604; x_wconf 86' lang='grc' dir='ltr'><strong>Δ10.</strong></span> <span class='ocrx_word' id='word_1_473' title='bbox 2990 4539 3139 4602; x_wconf 87' lang='lat'><strong>383.</strong></span> 
     </span>
    </p>
   </div>
  </div>
 </body>
</html>
