3463 5287
1390 376 1640 422 onmpns
1674 369 1810 422 'nux
2698 361 2825 424 327
2829 370 2833 375 ’

373 534 644 606 ἄνακτος
690 533 885 617 ἡλίου.
931 535 1026 598 Τι’.
1065 536 1208 598 145.
1255 536 1505 607 θάλπος
1550 537 1726 601 θεοῦ.
1777 536 1924 600 Ε111·.
1959 537 2095 602 Alo.
2133 538 2276 602 738.
2324 538 2510 621 φίλον
2553 537 2625 605 τὸ
2673 540 2830 622 φέγη

374 647 487 705 γος
530 629 713 688 τοῦτο
759 630 871 688 τοῦ
919 625 1096 689 θεοῦ.
1146 623 1251 688 Or.
1303 626 1490 690 1025.
1539 625 1757 710 Suppl.
1805 627 1953 690 208.
2002 627 2150 691 469.
2197 626 2363 692 Med.
2405 628 2551 691 352.
2599 629 2829 695 Aesch-

376 714 548 778 PerS.
600 714 744 778 508.
810 711 1046 779 Herod.
1095 713 1143 777 Ι.
1194 714 1339 778 216.
1405 715 1581 779 θεῶν
1648 715 1718 779 ‹322-
1780 722 2027 798 μοῦνον
2091 717 2270 800 ἥλιον
2316 717 2617 800 σέβονται.
2675 716 2831 789 ibid.

373 807 501 866 τῶν
545 803 723 866 θεῶν
767 811 861 886 τῷ·
905 804 1172 887 ταχίστῳ
1217 803 1438 886 (ἡλίῳ).
1486 803 1567 869 ΙΙ.
1602 805 1703 867 24.
1754 802 1939 876 οὗτος
1984 806 2022 869 ὁ
2070 805 2224 877 θεὸς
2256 806 2412 887 (sol).
2548 807 2835 891 πρόμον]

379 891 831 976 Principem.
907 892 956 956 Ι.
1006 914 1062 975 q.
1118 893 1295 966 ἄναξ.
1374 891 1466 956 Of.
1515 894 1585 957 O.
1621 892 1684 957 O.
1734 895 1881 959 884.
1956 895 2036 958 ἰὼ
2101 900 2217 977 γᾶς
2278 896 2535 978 πρόμοι.
2601 896 2831 960 Aesch.

375 984 493 1065 Ag.
544 981 689 1045 208.
737 980 920 1046 Eum.
969 984 1115 1047 402.
1165 981 1316 1046 Eur.
1363 982 1601 1047 Phoen.
1655 983 1842 1047 1250.
1888 984 2025 1048 Tro.
2075 986 2176 1047 31.
2225 983 2412 1049 Hom.
2459 984 2531 1048 Il.
2582 985 2639 1067 δ’,
2683 987 2828 1049 333.

375 1074 436 1152 8,
486 1071 585 1133 75.
634 1070 748 1134 Od.
803 1073 900 1154 11,
950 1072 1098 1135 473.
1139 1084 1146 1093 ‘

555 1179 700 1241 661.
746 1178 974 1263 ἄθεος]
1024 1179 1292 1263 Angliee
1341 1179 1659 1245 without
1716 1182 1838 1245 the
1894 1182 2167 1245 favour
2220 1182 2296 1244 of
2351 1182 2658 1247 heaven.
2739 1181 2828 1246 ct.

377 1270 523 1330 254.
572 1266 667 1330 ΕΙ.
724 1268 906 1332 1181.
1042 1269 1358 1354 πύματον]
1406 1266 1602 1344 Quasi
1648 1271 2164 1352 πυθμενέστατον
2211 1270 2642 1351 (funditus).
2688 1270 2737 1335 I.
2773 1292 2828 1354 q.

374 1358 652 1440 ἔσχατον.
730 1356 820 1421 Cf.
855 1358 924 1421 Ο.
947 1357 1012 1422 C.
1052 1359 1238 1421 1235.
1278 1359 1464 1422 1675.
1543 1359 1630 1423 Cf.
1678 1358 1916 1425 Herod.
1954 1359 2092 1424 VII.
2127 1362 2272 1423 229.
2321 1360 2386 1431 ἐς
2429 1360 2501 1424 τὸ
2547 1361 2827 1444 ἔσχατον.

554 1446 699 1510 666.
745 1453 970 1518 κακοῖς
1016 1448 1186 1511 κακὰ
1233 1448 1586 1533 προσόψει]
1645 1447 1734 1513 Of.
1780 1449 1876 1513 Tr.
1928 1449 2073 1514 330.
2123 1449 2291 1533 μηόὲ
2335 1449 2500 1533 πρὸς
2545 1456 2769 1521 κακοῖς
2818 1470 2827 1511 t

372 1541 499 1607 τοῖς
556 1534 696 1600 οὖσι
750 1536 956 1619 λύπην
1009 1537 1173 1619 πρός
1231 1534 1289 1618 γ’
1335 1536 1497 1620 ἐμοῦ
1543 1538 1692 1601 νέαν
1737 1538 1919 1622 λάβῃ.
1975 1538 2087 1605 Ρ11.
2142 1538 2328 1602 1266.
2376 1539 2485 1603 νέα
2534 1575 2620 1586 —-
2666 1526 2832 1621 πρὸς

373 1631 622 1690 κακοῖσι
668 1625 1022 1708 πέμποντες
1066 1627 1254 1691 κακά.
1302 1625 1451 1690 Eur.
1501 1625 1689 1691 Herc.
1736 1628 1921 1691 1213.
1968 1627 2138 1692 κακά
2186 1628 2400 1693 θέλων
2444 1633 2670 1699 κακοῖς
2717 1652 2827 1692 συ-

373 1716 588 1796 νάψαι.

552 1805 698 1868 668.
744 1802 1095 1891 προσόψει]
1145 1806 1762 1889 61.συναφθήσεται.
1840 1806 2082 1871 Neutro
2116 1826 2335 1887 sensu,
2384 1806 2828 1890 utaliquando

377 1898 716 1977 usurpatur
745 1896 1091 1958 συνάπτειν.
1170 1895 1260 1959 Of.
1294 1895 1391 1959 Fr.
1416 1896 1562 1969 349,
1586 1897 1642 1957 2.
1674 1895 1825 1959 Eur.
1859 1893 2048 1979 Hipp.
2091 1897 2229 1959 188.
2262 1903 2353 1976 τῷ
2386 1895 2456 1959 δὲ
2488 1896 2780 1960 συνάπτει
2818 1954 2823 1979 2

372 1982 538 2066 λύπη
604 2007 668 2047 τε
730 1989 989 2066 φρενῶν
1052 1991 1287 2068 χειροῖν
1348 2008 1412 2048 τε
1474 1984 1689 2055 πόνος.
1757 1984 1867 2048 Ρ11.
1920 1986 2063 2048 714.
2129 1986 2215 2055 εἷς
2277 1984 2507 2067 λόγους
2571 1992 2844 2069 συνῆψα,

371 2070 758 2137 Πολυνείκει.
808 2071 956 2137 Her.
996 2075 1142 2138 811.
1191 2074 1332 2157 ἐμοὶ
1382 2111 1462 2120 -
1510 2073 1686 2157 μάχῃ
1736 2074 2058 2157 (μάχηνῬ)
2106 2074 2412 2156 συνάψας.
2462 2074 2691 2140 Bacch.
2727 2077 2833 2137 52.-

373 2163 598 2226 Aesch.
647 2161 817 2227 PerS.
867 2164 968 2226 88.

552 2270 697 2333 669.
746 2270 782 2333 ὃ
832 2270 890 2334 δ’
938 2268 1054 2334 οὖν
1100 2271 1242 2352 ἴτω]
1302 2269 1387 2333 Cf.
1436 2272 1534 2354 Aj.
1585 2272 1731 2333 961.
1780 2272 1840 2334 οἱ
1886 2269 1945 2334 δ’
1995 2268 2110 2335 οὖν
2158 2271 2504 2352 γελώντων.
2560 2272 2701 2334 114.
2750 2271 2826 2335 σὺ

379 2358 438 2420 δ’
487 2356 603 2422 οὖν
651 2396 733 2404 -
780 2365 922 2441 χρῶ
968 2360 1139 2442 χειρί.
1186 2359 1282 2423 Tr.
1318 2361 1464 2423 329.
1512 2361 1550 2442 ἡ
1602 2359 1660 2422 δ’
1708 2357 1825 2423 οὖν
1870 2360 2110 2424 ἒάσθω.
2160 2360 2386 2425 Aesch.
2438 2360 2642 2424 Prom.
2681 2361 2828 2424 935.-

373 2448 410 2511 ὁ
460 2448 516 2511 ὁ’
565 2446 680 2511 οὗν
724 2450 996 2513 ποιείτω.
1066 2449 1255 2513 Arist.
1303 2450 1460 2512 Aah.
1515 2449 1656 2513 186.
1715 2450 1777 2513 οἱ
1834 2449 1891 2513 δ’
1940 2448 2056 2513 οὖν
2099 2450 2422 2533 βοώντων.
2482 2448 2631 2531 Lys.
2680 2450 2826 2513 491.

460 2536 815 2620 παντελῶς]
885 2538 1206 2619 Utterly.
1283 2539 1330 2602 I.
1383 2558 1438 2621 q.
1487 2540 1719 2621 ἔμπας,
1788 2540 2109 2604 omnino.
2188 2536 2274 2602 Of.
2322 2537 2421 2602 Fr.
2472 2541 2616 2603 572.
2681 2538 2830 2621 πρὶν

373 2627 549 2710 αὐτῷ’
592 2628 914 2699 παντελῶς
960 2627 1083 2712 ἤδη
1129 2629 1269 2712 βίος
1309 2628 1319 2712 Ι
1362 2628 1808 2713 ὁιεκπερανθῇ.

552 2735 696 2799 671.
744 2735 813 2799 τὸ
862 2773 943 2782 —-
993 2735 1107 2800 σὸν
1155 2772 1238 2782 —-
1286 2734 1519 2822 στόμα]
1577 2735 1666 2799 Cf.
1715 2736 1863 2800 426.
1910 2738 2010 2820 Aj.
2063 2737 2249 2800 1110.
2298 2737 2375 2798 οὐ
2422 2736 2492 2800 τὸ
2542 2735 2657 2800 σὸν
2705 2737 2825 2800 dect·

374 2830 489 2895 σας
537 2824 756 2908 στόμα.
808 2826 996 2888 1147.
1053 2826 1238 2888 1225.
1288 2824 1357 2889 Ο.
1392 2824 1459 2890 C.
1509 2827 1653 2888 981.
1706 2826 1850 2889 794.
1905 2825 2091 2887 1277.

553 2915 698 2979 672.
746 2914 882 2978 ἔνθ’
939 2917 1018 2977 ἂν
1071 2913 1149 2998 ᾖ]
1217 2913 1489 2999 Anglice
1553 2915 1944 2979 wherever
2010 2916 2096 2977 he
2161 2934 2328 2997 may
2395 2914 2495 2977 be.
2574 2913 2681 2979 Sic
2728 2915 2827 2997 Aj.

381 3003 565 3067 1369.
614 3004 707 3074 ὡς
752 3006 831 3066 ἂν
877 3005 1149 3087 ποιήσῃς
1203 3004 1583 3083 (however
1627 3023 1779 3085 you
1830 3024 1995 3085 may
2043 3003 2207 3084 act).
2268 3002 2415 3065 Eur.
2468 3001 2632 3067 Med.
2681 3004 2825 3067 331.

374 3093 553 3164 ὅπως
598 3094 693 3166 ἂν,
743 3092 944 3176 οἶμαι,
991 3093 1099 3157 καὶ
1142 3098 1550 3175 παραστῶσιν
1595 3094 1791 3176 τύχαι.

552 3200 697 3262 673.
745 3202 937 3265 εἴκων
984 3199 1206 3284 δῆλος]
1278 3198 1363 3263 Cf.
1412 3199 1590 3264 Dem.
1639 3201 1717 3264 de
1766 3200 1903 3264 Cor.
1955 3201 2101 3281 231,
2154 3200 2250 3263 16.
2315 3199 2579 3281 φανεροὶ
2638 3203 2828 3261 πᾶσιν

374 3289 533 3372 ἦσαν
579 3290 1233 3373 ἀναγκασθησόμενοι.
1417 3288 1706 3373 στυγνὸς]
1757 3289 1845 3353 Of.
1900 3290 2086 3352 1133.
2134 3288 2229 3351 ΕΙ.
2281 3288 2425 3351 918.
2589 3287 2826 3371 βαρὺς]

373 3378 664 3461 Sullen,
713 3380 1013 3463 pettish.
1092 3378 1184 3444 Of.
1235 3380 1379 3442 546.
1428 3378 1526 3460 Aj.
1566 3379 1752 3442 1017.
1800 3379 1867 3443 ἐν
1914 3379 2078 3460 γήρᾳ
2123 3378 2342 3462 βαρύς.
2392 3375 2552 3440 Phil.
2594 3377 2782 3440 1045.

551 3468 697 3531 674.
745 3470 895 3532 ὅταν
943 3469 1161 3552 θυμοῦ
1207 3467 1521 3551 περάσῃς]
1580 3466 1626 3529 I.
1675 3487 1725 3531 e.
1779 3468 1941 3548 πέρα
1989 3467 2198 3550 ἔλθῃς.
2277 3465 2481 3530 Schol.
2528 3465 2679 3529 ὅταν
2725 3464 2826 3530 ἐπὶ

371 3558 442 3621 τὸ
487 3559 687 3641 πέρας
750 3558 943 3642 ἔλθῃς
1007 3565 1117 3642 τῆς
1181 3557 1391 3640 ὀργῆς.
1472 3554 1587 3631 Qu.
1636 3557 1786 3620 ὅταν
1855 3556 2067 3638 θυμὸν
2128 3557 2427 3639 περάσῃς.
2573 3554 2825 3639 φύσεις]

374 3645 465 3709 Cf.
508 3647 698 3711 Τ11110.
747 3645 889 3711 VII.
942 3648 1041 3710 14.
1096 3648 1161 3710 αἱ
1205 3648 1497 3729 ὑμέτεραι
1542 3646 1777 3728 φύσεις.
1845 3647 1947 3709 48.
2013 3646 2419 3728 ἐπιστάμενος
2473 3644 2581 3716 τὰς
2632 3645 2824 3727 ’-Αθη

375 3737 570 3800 ναίων
616 3738 850 3819 φύ.σεις
899 3737 1092 3801 Arist.
1139 3735 1284 3800 Pac.
1334 3736 1479 3799 607.
1524 3735 1635 3805 τάς
1680 3736 1900 3818 φύσεις
1946 3736 2132 3817 ὑμῶν
2180 3735 2507 3805 δεδοικώς.

552 3826 697 3889 676.
746 3823 832 3889 Of.
885 3827 981 3909 Aj.
1031 3826 1177 3890 369.
1243 3826 1362 3890 οὐκ
1428 3825 1606 3894 ἐκτός
1670 3823 1992 3906 (8111).εἷ),·
2056 3825 2176 3888 οὐκ
2233 3824 2530 3906 ἄψορρον
2584 3783 2837 3906 ἑκνεμεῖ

374 3914 579 3991 mma,-
714 3914 893 3986 ἐκτὸς
938 3914 1021 3999 εἶ]
1069 3914 1169 3979 Be
1215 3933 1423 3999 gone.

555 4022 699 4085 677.
748 4029 865 4087 σοῦ
910 4023 1030 4105 μὲν
1074 4022 1285 4106 τυχὼν
1330 4020 1645 4105 ἀγνῶτος]
1704 4021 1793 4085 Of.
1848 4022 2034 4086 1133.
2082 4019 2153 4084 O.
2188 4020 2254 4085 C.
2306 4021 2494 4085 1482.
2552 4021 2827 4086 ἕναισίου

376 4110 447 4174 ὀέ
492 4134 609 4175 σου
654 4113 919 4195 τύχοιμι.
975 4113 1158 4176 1213.
1205 4111 1369 4176 Phil.
1418 4112 1563 4175 320.
1610 4110 1939 4194 συντυχὼν
1983 4115 2209 4174 κακῶν
2249 4108 2259 4197 Ι
2299 4110 2558 4192 ἀνδρῶν
2595 4110 2823 4193 Ἀτρει·

374 4201 525 4265 δῶν.
575 4203 722 4266 Ant.
756 4203 902 4266 925.
939 4201 1116 4286 Trag.
1149 4199 1357 4284 adesp.
1397 4201 1538 4263 161.
1586 4200 1874 4282 ἀγνῶτας
1913 4200 2152 4282 φίλους.
2200 4200 2427 4265 Aesch.
2461 4198 2645 4263 Eum.
2681 4199 2826 4269 932.

373 4290 410 4353 ὁ
458 4290 528 4354 ὀὲ
590 4291 682 4375 μὴ
749 4292 991 4374 κύρσας
1053 4292 1312 4375 βαρεῶν
1367 4294 1614 4358 ,τουτῶν
1668 4293 1819 4370 (τῶν
1865 4288 2266 4372 Εὐμενίδων)
2313 4324 2425 4350 —-.
2485 4287 2635 4356 Eur.
2684 4287 2825 4352 Hel.

375 4379 522 4444 698.
587 4382 646 4444 εί
702 4380 811 4444 καὶ
865 4380 937 4444 τὰ
1002 4378 1188 4444 λοιπὰ
1255 4386 1364 4462 τῆς
1424 4379 1616 4462 τύχης
1671 4379 2051 4461 εὐδαίμονος
2091 4377 2100 4462 Ι
2140 4379 2405 4460 τύχοιτε,
2452 4378 2577 4441 κτλ.
2635 4377 2823 4462 Hipp.

377 4468 563 4538 1320.
614 4468 763 4536 Eur.
809 4468 907 4536 Fr.
957 4469 1058 4533 26.
1114 4470 1364 4557 τύχοιμι
1412 4467 1468 4532 δ’
1515 4469 1709 4556 αὐτῆς
1754 4467 2181 4554 (Ἀφροδίτης)
2228 4468 2387 4560 ἡνίκ’
2435 4467 2594 4531 ἐστὶν
2630 4467 2824 4552 ,εὔμε-
