3463 5287
716 426 846 487 414
1748 440 2139 508 Pmoqrmns

895 604 1042 666 448.
1087 601 1162 666 τὰ
1217 602 1338 685 μὲν
1399 608 1734 685 πανοῦργα
1791 601 1899 666 καὶ
1952 602 2323 685 παλιντριβῆ
2369 599 2488 685 -]
2556 598 2643 664 Cf.
2701 601 2795 664 El.
2846 600 3031 664 1507.
3088 601 3152 664 τὸ

716 691 837 775 γὰρ
883 698 1252 774 πανοῦργον
1298 693 1418 755 οὐκ
1464 694 1544 755 ἂν
1589 690 1669 775 ἦν
1712 693 1895 756 πολύ.

893 782 1042 844 449.
1089 780 1615 865 ἀναστρέφοντες]
1698 780 1928 846 Retro
2015 784 2430 863 vertenteS,
2515 785 2980 845 revocantes.
3071 780 3153 844 Cf.

714 875 864 935 Ant.
914 872 1060 935 226.
1106 871 1367 934 κυκλῶν
1413 870 1686 954 ἐμαυτὸν
1733 872 1821 941 εἷς
1865 871 2288 955 ἀναστροφήν.
2336 870 2487 933 Eur.
2521 868 2736 954 Suppl.
2771 871 2915 933 331.
2964 870 3002 933 ὁ
3046 869 3156 951 γὰρ

712 961 869 1030 θεὸς
930 959 1111 1024 πάντ’
1175 961 1548 1044 ἀναστρέφει
1609 960 1812 1024 πάλιν.
1860 961 2061 1024 Andr.
2113 961 2301 1025 1008.
2355 959 2536 1023 πόλλ’
2583 959 2955 1042 ἀναστρέφει
2998 959 3156 1028 θεός.

712 1048 900 1114 Rhes.
950 1052 1095 1114 332.
1162 1050 1395 1134 Adesp.
1447 1051 1600 1133 110,
1646 1053 1704 1113 4.
1779 1051 1891 1113 καί
1955 1074 2040 1133 με
2102 1054 2441 1133 συμφορᾶς
2497 1048 2593 1113 ἀεὶ
2641 1049 2651 1135 Ι
2698 1050 2931 1131 βαθεῖα
2994 1048 3159 1132 κῆλις

715 1139 787 1203 ἐκ
831 1140 1065 1223 βυθῶν
1109 1139 1497 1223 ἀναστρέφει.

892 1230 1043 1293 450.
1087 1228 1162 1293 τὰ
1209 1229 1460 1314 χρήστ’]
1526 1227 1613 1293 Of.
1660 1228 1756 1293 El.
1808 1230 1953 1293 972.
2018 1228 2190 1312 φιλεῖ
2246 1228 2367 1312 γὰρ
2421 1227 2587 1311 πρὸς
2639 1226 2713 1290 τὰ
2759 1226 3000 1311 χρηστὰ
3044 1230 3161 1296 πᾶς

715 1319 892 1402 ὁρᾶν.
941 1320 1040 1402 Aj.
1078 1319 1266 1383 1022.
1305 1318 1529 1383 πολλοὶ
1556 1317 1676 1401 μὲν
1706 1319 1971 1401 ἐχθροὶ,
2002 1324 2221 1402 παῦρα
2265 1317 2324 1381 δ’
2356 1318 2751 1401 ὠφελήσιμα.
2799 1316 2897 1381 Fr.
2932 1316 3079 1399 622,
3110 1319 3162 1379 2.

714 1407 782 1471 ἕν
826 1405 870 1491 ᾖ
915 1406 989 1470 τὰ
1052 1408 1173 1490 μὲν
1238 1409 1445 1472 δίκαια
1511 1408 1618 1471 καὶ
1679 1407 1754 1471 τὰ
1801 1409 2112 1491 σώφρονα
2155 1407 2163 1489 Ι
2203 1408 2445 1491 λάγδην
2499 1413 2789 1471 πατεῖται.
2835 1404 2989 1470 Eur.
3033 1406 3163 1469 Tre.

714 1498 862 1561 411.
907 1496 982 1560 τὰ
1029 1497 1229 1580 σεμνὰ
1274 1497 1382 1561 καὶ
1429 1497 1786 1579 δοκήμασιν
1831 1498 2021 1580 σοφά.

892 1589 1043 1650 453.
1090 1586 1413 1670 γένεθλον]
1485 1586 1577 1651 Cf.
1635 1589 1785 1649 Ant.
1838 1587 2025 1650 1149.
2100 1593 2222 1650 παῖ
2277 1586 2425 1657 Διὸς
2473 1585 2790 1667 γένεθλον.
2837 1584 2990 1649 Eur.
3037 1585 3164 1669 Iph.

716 1678 791 1740 A.
842 1677 987 1740 595.
1035 1675 1261 1758 Λήδας
1306 1677 1621 1757 γένεθλον.
1668 1676 1859 1759 Hipp.
1910 1675 2012 1738 62.
2060 1675 2271 1758 Ζηνὸς
2319 1675 2619 1758 γένεθλον
2668 1713 2749 1721 -
2783 1674 3086 1758 Ἄρτεμις.

893 1765 1041 1827 454.
1090 1765 1396 1829 Similiter
1441 1765 1511 1830 Ο.
1542 1766 1615 1829 R.
1667 1766 1813 1828 997.
1868 1762 1965 1829 ὧν
2020 1765 2201 1848 εἵνεχ’
2248 1766 2287 1848 ἡ
2336 1764 2664 1847 Κόρινθος
2717 1765 2788 1839 ἐξ
2832 1766 2997 1847 ἐμοῦ
3049 1763 3164 1826 πά·

713 1855 814 1918 λαι
855 1855 864 1939 Ι
903 1854 1163 1967 μακρὰν
1208 1854 1521 1937 ἀπῳκεῖτῖ
1573 1856 1718 1918 794.
1758 1855 1946 1918 1272.
1992 1853 2090 1917 Tr.
2129 1856 2315 1919 1003.
2364 1854 2513 1918 Eur.
2551 1853 2743 1938 Hipp.
2781 1854 2926 1917 102.
2972 1853 3166 1936 πρόσ-

715 1945 893 2008 ωθεν
938 1944 1134 2027 αὐτὴν
1181 1943 1373 2027 ἁγνὸς
1418 1945 1514 2008 ὢν
1545 1944 1928 2027 ἀσπάζομαι.
2062 1943 2135 2007 τὸ
2180 1943 2402 2008 λοιπὸν
2439 1943 2602 2027 ἤδη]
2649 1942 2737 2006 Cf.
2776 1941 2843 2006 O.
2878 1943 2946 2007 O.
2986 1942 3166 2007 1619.

713 2034 809 2097 ΤΓ.
865 2035 1007 2097 168.
1058 2035 1204 2097 921.

789 2156 797 2163 ·
893 2123 1042 2186 456.
1089 2124 1257 2187 ὅπου
1305 2160 1389 2170 —
1435 2123 1727 2208 τούτους]
1787 2123 1875 2187 Of.
1925 2125 2022 2206 Aj.
2077 2122 2243 2186 1081
2278 2142 2370 2205 sq.
2418 2120 2604 2205 Soph.
2651 2120 2750 2185 Fr.
2800 2121 2949 2184 850.
3008 2122 3168 2184 ὅπου

715 2213 838 2297 γὰρ
902 2214 965 2276 οῖ
1026 2214 1337 2296 φύσαντες
1399 2215 1713 2296 ἧσσῶνται
1757 2214 2017 2286 τέκνων,
2064 2211 2189 2274 κτλ.
2256 2210 2444 2274 Hom.
2490 2210 2562 2274 Il.
2617 2210 2672 2291 1,
2714 2211 2861 2273 576.
2921 2210 3056 2274 ἔπει
3098 2209 3167 2272 τά

713 2304 1000 2386 χερείονα
1064 2310 1224 2385 νικᾷ.
1291 2302 1451 2381 Eur.
1490 2302 1726 2367 Phoen.
1779 2303 1923 2365 903.
1990 2300 2123 2365 ἐπεὶ
2187 2300 2258 2365 δὲ
2320 2306 2614 2381 κρεῖσσον
2668 2299 2740 2363 τὸ
2796 2300 3007 2365 κακόν
3050 2302 3168 2397 εστι

713 2393 1029 2474 τάγαθοῦ,
1076 2392 1202 2455 κτλ.

894 2483 1041 2543 457.
1089 2481 1477 2564 κάποφθίνει
1537 2481 1613 2545 τὰ
1677 2480 1949 2566 χρηστὰ]
2024 2481 2116 2546 Of.
2165 2483 2312 2545 448.
2380 2482 2478 2563 Aj.
2532 2478 2719 2543 1022.
2777 2480 3003 2544 πολλοὶ
3058 2479 3170 2562 μὲν

717 2570 968 2654 ἐχθροὶ,
1014 2576 1232 2653 παῦρα
1282 2571 1339 2634 δ’
1387 2572 1779 2655 ὠφελήσιμα.

893 2662 1043 2724 458.
1090 2661 1199 2723 καὶ
1241 2661 1390 2732 τοὺς
1425 2660 1774 2746 Ἀτρείδας]
1825 2660 1940 2737 Qu.
1990 2661 2244 2733 δισσούς
2289 2663 2338 2724 τ’
2377 2661 2707 2743 Ἀτρείδας.

895 2750 1042 2813 461.
1090 2749 1463 2834 τέρπεσθαι]
1528 2751 1576 2813 Ι.
1627 2771 1684 2833 q.
1742 2752 2031 2832 στέργειν,
2098 2755 2538 2814 contentum
2604 2768 2784 2814 esse.
2862 2749 2951 2813 Cf.
3006 2748 3077 2813 O.
3110 2745 3171 2809 C.

718 2841 864 2903 800.
912 2840 990 2903 οὐ
1039 2838 1160 2921 γὰρ
1206 2842 1286 2903 ἂν
1330 2845 1554 2910 κακῶς
1595 2839 1603 2922 Ι
1646 2840 1785 2903 οὐδ’
1833 2837 1951 2904 ὧδ’
1998 2842 2245 2922 ἔχοντες
2291 2841 2522 2921 ζῴμεν,
2570 2839 2629 2902 εἰ
2666 2837 3078 2920 τερποίμεθα.

892 2929 1041 2994 463.
1088 2928 1284 2993 νόσου
1337 2927 1736 3013 μεταστήσει]
1803 2929 1893 2993 Cf.
1950 2929 2101 2992 Eur.
2150 2928 2253 2993 Or.
2307 2929 2449 2991 133.
2513 2928 2670 3010 τάχα
2716 2926 3171 3011 μεταστήσουσ’

715 3021 922 3083 ὕπνου
964 3018 974 3101 Ι
1011 3018 1181 3082 τόνδ’
1244 3019 1638 3102 ἡσυχάζοντ’.
1701 3018 1845 3082 Hel.
1895 3019 2042 3081 856.
2107 3019 2472 3100 μεταστήτω
2536 3022 2761 3080 κακῶν
2826 3018 3043 3100 (γένος
3103 3015 3172 3080 τὸ

721 3109 1127 3189 Ταντάλειον).
1198 3110 1387 3172 1442.
1454 3107 1512 3173 ὦ
1559 3107 1688 3171 Ζεῦ
1740 3145 1820 3155 -
1866 3109 2111 3190 βλέψον
2173 3107 2339 3190 πρὸς
2401 3108 2572 3190 ἡμᾶς
2625 3106 2731 3170 καὶ
2783 3107 3173 3191 μετάστησον

715 3206 957 3263 κακῶν.
1004 3199 1141 3262 Alc.
1179 3198 1367 3261 1141.
1415 3198 1619 3281 λύπης
1666 3197 1725 3261 δ’
1758 3198 2041 3279 εὐτυχῶν
2084 3197 2448 3279 μεθίστασο.
2497 3196 2598 3258 21.
2645 3196 2865 3260 θανεῖν
2908 3197 3169 3278 πέπρω·

714 3313 812 3352 ται
857 3288 965 3353 καὶ
1007 3294 1384 3371 μεταστῆναι
1428 3288 1588 3371 βίου.
1654 3286 1792 3370 Iph.
1837 3287 1901 3350 T.
1954 3288 2098 3350 757.
2163 3286 2270 3349 καὶ
2332 3285 2719 3368 μετάστησον
2775 3288 2907 3368 (με)
2951 3286 3115 3356 θεᾶς
3162 3282 3168 3368 Ι

716 3380 1022 3461 σφαγίων.
1096 3378 1241 3440 962.
1306 3377 1482 3442 θέλω
1531 3413 1615 3423 --
1665 3376 1735 3439 σὲ
1798 3399 1864 3440 τε
1924 3383 2300 3459 μεταστῆναι
2362 3375 2584 3438 πόνων
2629 3374 2754 3437 κτλ.
2827 3377 3017 3438 1144.
3083 3374 3172 3443 ὡς

714 3469 1084 3551 μεταστήσω
1131 3467 1338 3549 φόνου
1388 3465 1478 3546 (τὸ
1525 3466 1819 3548 ἄγαλμα).
1868 3465 2019 3528 Eur.
2049 3464 2149 3528 Fr.
2181 3467 2329 3546 822,
2352 3465 2408 3527 3.
2457 3464 2613 3546 γυνὴ
2649 3501 2730 3510 -
2766 3463 3168 3550 δυσθυμίαςΙ

713 3558 933 3641 ψυχὴν
976 3555 1319 3639 μεθιστᾶσῖ
1366 3555 1598 3620 Bacch.
1638 3555 1824 3618 1269.
1869 3555 2325 3637 μετασταθεῖσα
2372 3559 2501 3618 τῶν
2546 3553 2753 3636 πάρος
2797 3559 3076 3635 φρενῶν.

893 3647 1041 3711 466.
1088 3646 1243 3729 ἤδη,
1290 3647 1527 3718 τέκνον,
1575 3644 1933 3728 στέλλεσθε]
1984 3643 2075 3707 Of.
2126 3644 2271 3708 369.
2407 3642 2629 3726 καιρὸς
2675 3642 2797 3724 γὰρ
2842 3643 3029 3706 καλεῖ
3056 3642 3168 3725 --]

719 3735 807 3799 Of.
855 3735 950 3799 El.
987 3737 1086 3798 39.
1153 3736 1303 3798 ὅταν
1366 3747 1437 3804 ,σε
1490 3734 1714 3815 καιρὸς
1770 3734 1985 3817 εἰσάγῃ
2027 3733 2037 3816 Ι
2082 3733 2307 3815 δόμων
2362 3735 2491 3796 ἔσω
2546 3732 2753 3796 τῶνδ’.
2819 3731 2971 3794 Eur.
3019 3730 3170 3795 Ηθο.

720 3826 908 3887 1042.
956 3825 1050 3894 ὡς
1094 3824 1271 3907 ἀκμὴ
1320 3824 1502 3887 καλεῖ
1536 3824 1544 3907 Ι
1575 3823 1823 3907 Ἑκάβῃ
1870 3829 2159 3907 παρεῖναι
2206 3859 2316 3884 -.

895 3915 1043 3977 467.
1090 3913 1292 3977 πλοῦν
1341 3952 1423 3960 -
1471 3913 1755 3997 σκοπεῖν]
1806 3912 1894 3976 Of.
1929 3913 2074 3994 Lys.
2108 3913 2255 3975 427.
2301 3911 2645 3995 καπηλεῖον
2691 3916 2974 3975 σκοπῶν.
3023 3911 3169 3974 Eur.

714 4003 869 4067 Hec.
921 4003 1065 4066 901.
1111 4008 1227 4066 νῦν
1276 4002 1352 4076 δ’,
1410 4003 1488 4067 οὗ
1536 4002 1658 4085 γὰρ
1705 4002 1829 4085 ἴησ’
1876 4003 2094 4084 οὐρίας
2147 4001 2351 4073 πνοὰς
2395 4000 2578 4075 θεὸς,
2621 4001 2630 4083 Ι
2668 4001 2881 4084 μένειν
2926 4000 3168 4082 ἀνάγκη

714 4093 916 4156 πλοῦν
947 4093 1234 4175 ὁρῶντας
1263 4094 1507 4176 ἥσυχον
1538 4093 1867 4175 (ἡσύχους,
1901 4092 2185 4174 ἐγγύθεν,
2235 4099 2346 4155 aut
2376 4092 2594 4174 οὔριον
2606 4093 2675 4172 Ρ).
2722 4090 2859 4174 Iph.
2878 4091 2957 4153 A.
2983 4089 3170 4153 1626.

713 4183 836 4266 χρὴ
889 4183 959 4246 δέ
1003 4206 1074 4245 σε
1106 4219 1189 4228 -
1223 4183 1476 4265 στείχειν
1521 4181 1686 4264 πρὸς
1733 4183 1976 4254 οἴκους,
2024 4182 2117 4251 ὡς
2163 4180 2425 4264 στρατὸς
2469 4180 2635 4264 πρὸς
2678 4180 2883 4243 πλοῦν
2928 4179 3072 4262 δρᾷ.

805 4273 874 4345 ἐξ
919 4271 1244 4356 ἀπόπτου]
1309 4271 1358 4335 Ι.
1408 4291 1459 4336 e
1505 4272 1872 4355 πόρρωθεν.
1952 4270 2041 4335 Cf.
2087 4270 2186 4334 Fr.
2236 4271 2382 4334 358.
2447 4271 2678 4353 πόρρω
2745 4269 2815 4334 δὲ
2868 4269 3168 4340 λεύσσων,

714 4363 986 4444 ἐγγύθεν
1034 4361 1103 4425 δὲ
1147 4367 1275 4432 πᾶς
1318 4361 1568 4444 τυφλός.
1627 4361 1847 4425 Galen.
1893 4359 1956 4423 T.
2003 4359 2118 4423 ΠΙ.
2165 4381 2221 4443 p.
2271 4362 2416 4422 222.
2473 4361 2585 4423 καί
2633 4383 2722 4430 τις
2767 4360 2837 4433 ἐξ
2881 4358 3169 4422 ἀπόπτου

714 4453 1115 4535 θεασάμενος
1177 4457 1414 4534 ταῦρον
1460 4450 1656 4521 εὐθυς
1703 4452 1992 4532 γνωρίζει
2037 4449 2108 4512 τὸ
2154 4450 2363 4531 ἄρρεν.
2443 4448 2648 4512 Schol
2695 4449 2923 4512 Aesch.
2957 4447 3168 4530 Suppl.

716 4544 862 4604 832.
929 4543 998 4614 ἐξ
1061 4542 1350 4604 ἀπόπτου
1414 4540 1562 4611 τοὺς
1625 4540 2056 4621 Αἶγυπτιάδας
2119 4539 2382 4602 ἰδοῦσαι.
2566 4539 2834 4620 ἐγγύθεν
2890 4534 3168 4617 σκοπεῖν]
