3463 5287
1372 409 1731 456 maumam:
2668 390 2799 455 463

526 571 672 633 365.
721 568 810 635 Cf.
867 567 1017 634 Eur.
1064 567 1252 635 Herc.
1306 570 1402 634 12.
1468 569 1631 652 ἡνίκ’
1696 570 1784 640 εἰς
1846 567 2042 652 ἐμοὺς
2091 567 2103 652 Ι
2152 568 2395 652 δόμους
2458 569 2495 633 ὅ
2558 567 2803 640 κλεινὸς

338 658 663 743 Ἡρακλῆς
726 683 823 723 νιν
887 660 1089 742 ἤγετο.
1165 659 1403 724 Phoen.
1455 659 1643 723 1329.
1709 659 1956 723 λεύσσω
2020 658 2202 723 τόνδε
2267 658 2460 740 δεῦρο
2508 695 2593 706 -
2637 658 2802 741 πρὸς

346 749 591 832 δόμους
637 749 969 832 στείχοντα.
1021 748 1164 813 708.
1211 748 1351 831 ὁρῶ
1399 747 1519 832 γὰρ
1551 747 1744 812 αὐτὸν
1773 747 1938 831 πρὸς
1985 747 2229 830 δόμους
2266 748 2556 830 στείχοντ’
2588 748 2800 831 ἐμούς.

526 838 672 901 368.
720 836 1233 922 ἐντεθέρμανται]
1300 836 1389 902 Cf.
1437 838 1628 902 Arist.
1675 837 1834 902 Ran.
1882 838 2028 902 844.
2083 837 2194 901 καὶ
2243 836 2337 920 μὴ
2391 836 2557 920 πρὸς
2602 836 2802 920 ὀργὴν

347 929 672 1011 σπλάγχνα
718 928 1051 1012 θερμήνῃς
1093 928 1283 1010 κότῳ.
1330 932 1394 991 et
1439 926 1519 990 ad
1564 925 1660 990 El.
1703 927 1851 991 888.
1898 927 1964 996 ἒς
2006 928 2066 990 τί
2101 949 2215 1010 μοι
2254 933 2264 1010 Ι
2303 926 2594 1010 βλέψασα
2639 927 2799 991 θάλ-

344 1040 446 1081 πει
490 1017 644 1100 τῷδ’
690 1016 1018 1101 ἀνηκέστῳ
1061 1017 1220 1100 πυρί
1224 1040 1245 1091 ,·

526 1107 674 1170 369.
720 1106 885 1189 πρὸς
930 1107 1000 1171 σὲ
1047 1105 1329 1189 δηλῶσαι
1371 1105 1445 1171 τὸ
1489 1105 1642 1191 πᾶν]
1688 1106 1739 1171 Ι.
1788 1126 1846 1189 q.
1894 1105 1996 1172 σοὶ
2041 1105 2322 1189 δηλῶσαι
2356 1142 2466 1168 -.
2514 1104 2602 1169 Of.
2650 1104 2800 1169 Eur.

352 1195 583 1260 Phoen.
635 1196 780 1259 580.
828 1195 927 1259 δεῖ
965 1196 1023 1260 δ’
1070 1195 1261 1263 αὐτὸν
1305 1196 1503 1278 λέγειν
1550 1232 1637 1243 —-
1681 1195 1848 1281 πρὸς
1892 1195 1963 1260 σὲ
2005 1195 2176 1278 κάμὲ
2219 1195 2445 1260 τούσδε
2489 1219 2568 1260 τε.

529 1286 676 1348 372.
723 1283 1065 1369 ὡσαύτως]
1122 1285 1211 1349 of.
1260 1284 1354 1348 ΕΙ.
1404 1286 1505 1348 27.
1553 1285 1864 1356 ὡσαύτως
1911 1285 1981 1350 δὲ
2027 1284 2105 1349 σὺ
2139 1321 2224 1333 -
2255 1285 2403 1349 ἕπει.
2482 1284 2802 1350 Conneete

348 1373 492 1456 ἐμοὶ
534 1393 683 1439 oum
727 1375 1173 1458 συνεξήκουον.

530 1481 675 1545 374.
721 1480 792 1545 τὸ
840 1480 899 1545 δ’
946 1480 1152 1565 ὀρθὸν
1197 1479 1498 1565 ἐξείρηχἼ
1547 1480 1635 1546 Cf.
1670 1479 1742 1545 O.
1772 1480 1846 1546 R.
1884 1483 2071 1546 1219.
2116 1481 2189 1546 τὸ
2236 1481 2295 1547 δ’
2343 1482 2550 1565 ὀρθον
2593 1482 2800 1546 εἰπεῖν.

530 1572 676 1634 375.
723 1576 852 1634 ποῦ
915 1569 1054 1635 ποτ’
1119 1570 1243 1653 εἰμὶ
1315 1571 1758 1655 πράγματος;]
1833 1571 1925 1636 cf.
1985 1572 2129 1636 705.
2196 1572 2317 1636 οὐκ
2381 1572 2513 1655 ἔχω
2561 1608 2646 1621 -
2691 1577 2811 1636 ποῒ

349 1661 612 1744 γνώμης
673 1661 869 1725 πέσω.
934 1660 1033 1743 Aj.
1087 1661 1228 1724 102.
1283 1666 1413 1724 ποῦ
1476 1683 1576 1725 σοι
1637 1662 1831 1745 τύχης
1895 1661 2146 1745 ἕστηκα
2204 1662 2351 1724 314.
2396 1661 2688 1745 κόνήρετ’
2735 1662 2803 1725 ἐν

346 1757 440 1832 τῷ
482 1750 857 1833 πράγματος
901 1755 1097 1832 κυροῖ
1132 1751 1300 1814 ποτέ.
1369 1749 1464 1813 ΕΙ.
1508 1750 1653 1814 390.
1699 1756 1830 1814 ποῦ
1875 1750 2016 1814 ποτ’
2064 1749 2120 1814 εἴ
2161 1755 2453 1834 φρενῶν;
2501 1752 2650 1815 Ant.
2698 1752 2801 1814 42.

346 1844 475 1902 ποῢ
523 1840 785 1922 γνώμης
828 1839 969 1903 ποτ’
1017 1837 1100 1914 εἷ,-

528 1946 674 2010 377.
721 1944 1020 2030 πημονὴν
1070 1983 1151 1993 -
1198 1945 1531 2031 λαθραῖον]
1581 1945 1672 2011 Of.
1720 1944 1871 2012 Eur.
1918 1946 2055 2011 Ion.
2098 1947 2201 2012 45.
2248 1947 2560 2032 λαθραῖον
2605 1947 2801 2012 ὠδῖν’.

350 2036 576 2101 Aeseh.
612 2038 728 2119 Ag.
764 2035 953 2099 1230.
1000 2036 1150 2119 ἄτης
1195 2034 1526 2119 λαθραίου.
1662 2034 1721 2101 ὦ
1770 2036 2106 2122 δύστηνος]
2154 2035 2241 2100 of.
2289 2035 2441 2101 Eur.
2476 2037 2800 2102 Andr.71.

348 2126 554 2190 πόθεν
597 2124 736 2190 ποτ’
746 2149 770 2202 ,·
816 2122 874 2189 ὦ
921 2125 1252 2209 δύστηνος,
1300 2125 1394 2197 ὥς
1439 2125 1813 2210 ἀπωλόμην.

529 2233 676 2297 378.
726 2231 1079 2318 διώμνυτο]
1128 2232 1219 2297 Of.
1267 2234 1364 2316 Aj.
1420 2234 1605 2297 1233.
1655 2234 1982 2316 διωμόσω.

530 2323 673 2387 379.
722 2321 762 2406 ἦ
819 2323 1020 2406 κάρτα
1085 2320 1379 2407 λαμπρὰ]
1446 2321 1562 2399 Qu.
1626 2323 1737 2387 καὶ
1797 2323 1999 2405 κάρτα
2062 2323 2341 2407 λαμπρά.
2420 2320 2509 2387 Cf.
2564 2322 2801 2390 Herod.

350 2411 458 2475 VI.
486 2412 627 2475 125.
673 2413 781 2476 καὶ
825 2414 1025 2495 κάρτα
1072 2412 1367 2495 λαμπροί.
1504 2410 1544 2495 ἦ
1591 2412 1825 2497 κάρτα]
1873 2411 1962 2476 Cf.
1996 2413 2225 2477 Aesch.
2258 2412 2472 2498 Suppl.
2506 2415 2653 2477 447.
2687 2418 2801 2476 ete.

437 2501 651 2585 φύσιν]
697 2501 782 2565 In
829 2501 1046 2583 form,
1090 2502 1172 2565 in
1217 2502 1489 2585 figure.
1568 2500 1656 2565 Cf.
1706 2500 1778 2566 O.
1809 2499 1881 2567 R.
1918 2501 2062 2566 740.
2097 2502 2194 2584 Aj.
2235 2501 2419 2569 1301.
2467 2502 2802 2585 φύσειμὲν

348 2590 428 2675 ἦν
473 2592 781 2675 βασίλεια,
829 2590 1298 2674 Λαομέδοντος.
1443 2590 1703 2676 λαμπρὰ
1753 2628 1838 2639 —-
1883 2590 2022 2657 κατ’
2069 2590 2285 2677 ὄμμα]
2334 2590 2423 2657 Cf.
2474 2590 2544 2657 O.
2576 2589 2649 2656 R.
2699 2592 2800 2656 81.

347 2680 643 2764 λαμπρὸς
688 2681 907 2766 ὥσπερ
954 2682 1207 2765 ὄμματι.
1387 2680 1525 2745 κατ’
1572 2681 1788 2766 ὄμμα]
1843 2680 1892 2744 Ι.
1940 2701 1991 2746 e.
2045 2684 2182 2747 κατ’
2231 2681 2383 2764 ὄψιν
2439 2683 2576 2748 sive
2622 2683 2801 2748 θέαν.

436 2770 597 2835 κατὰ
646 2807 728 2817 -
776 2767 990 2857 φύσιν]
1046 2771 1136 2835 Cf.
1184 2770 1369 2836 Alex.
1415 2769 1534 2836 III.
1583 2773 1730 2834 454.
1787 2776 1978 2835 ταῦτα
2027 2771 2147 2856 γὰρ
2188 2770 2198 2857 Ι
2238 2770 2398 2837 κατὰ
2453 2772 2644 2855 φύσιν
2689 2796 2798 2835 πε-

348 2885 553 2944 φυκεν
598 2861 818 2932 οὕτως.

348 3040 426 3103 El
494 2949 981 3104 3ξέ0.1)ἰέ2νὲσιν]
1044 2948 1093 3013 Ι.
1143 2969 1199 3033 q.
1264 2950 1469 3033 φύσιν.
1548 2948 1637 3014 Cf.
1690 2951 1880 3014 1162.
1944 2949 2044 3033 Aj.
2099 2951 2284 3014 1259.
2350 2951 2423 3021 ὃς
2486 2949 2545 3014 εἴ
2592 2952 2801 3034 φύσιν.

528 3148 675 3211 382.
720 3147 1024 3232 βλάστας]
1074 3147 1478 3231 originem.
1546 3146 1635 3212 Cf.
1684 3147 1765 3212 ad
1798 3146 1867 3212 O.
1889 3147 1961 3214 R.
1995 3149 2138 3213 717.
2219 3147 2264 3212 I.
2287 3167 2343 3229 q.
2379 3149 2585 3229 γονάς.
2706 3148 2802 3218 ὡς

349 3238 550 3321 δῆθεν
582 3235 700 3320 -]
751 3235 837 3302 Cf.
870 3236 1104 3304 Herod.
1135 3237 1185 3301 I.
1220 3239 1320 3300 59.
1369 3238 1442 3301 οἴ
1472 3261 1581 3319 μιν
1628 3237 1950 3320 ἠθέλησαν
1995 3237 2298 3301 ἀπολέσω
2346 3237 2562 3320 δῆθεν.
2606 3236 2798 3303 Time.

349 3327 396 3390 Ι.
432 3329 531 3390 92.
581 3327 701 3390 οὐκ
750 3326 851 3390 ἐπὶ
896 3327 1167 3410 κωλύμη
1216 3325 1371 3392 ἀλλὰ
1417 3327 1779 3408 παραινέσει
1826 3327 2041 3409 δῆθεν.
2087 3333 2152 3390 et
2194 3326 2395 3410 δῆθεν
2425 3325 2519 3396 ὡς
2564 3325 2798 3392 Herod.

350 3414 463 3478 ΙΙΙ.
503 3416 644 3478 136.
695 3416 803 3479 VI.
854 3416 954 3480 39.
1004 3415 1179 3481 VlII.
1230 3419 1286 3478 5.
1333 3415 1484 3480 Eur.
1518 3414 1705 3480 Herc.
1742 3416 1886 3480 949.
2022 3415 2315 3500 ῖστορῶν]
2363 3413 2643 3479 ScieuS.
2710 3415 2799 3479 Cf.

352 3504 576 3568 Aesch.
599 3508 716 3588 Ag.
739 3505 888 3568 676.
937 3506 994 3569 εἰ
1021 3505 1079 3569 δ’
1113 3503 1228 3569 οὖν
1258 3530 1346 3576 τις
1376 3505 1549 3576 ἀκτὶς
1579 3505 1759 3587 ἡλίου
1805 3528 1900 3567 νιν
1945 3505 2234 3587 ῖστορεῒ
2266 3507 2276 3587 Ι
2315 3505 2424 3570 καὶ
2454 3506 2660 3579 ζῶντα
2690 3541 2799 3567 -.

530 3595 675 3658 383.
724 3591 811 3657 Of.
876 3593 1025 3657 Eur.
1082 3593 1246 3660 Med.
1305 3597 1407 3660 83.
1473 3595 1679 3658 ὄλοιτο
1743 3594 1863 3676 μὲν
1924 3596 2043 3677 μή·
2119 3595 2428 3678 δεσπότης
2492 3595 2614 3677 γάρ
2678 3594 2799 3658 ἔστ’

350 3683 528 3765 ἐμός·
570 3683 579 3766 Ι
620 3683 779 3766 ἀτὰρ
832 3684 1035 3756 κακός
1091 3685 1147 3766 γ’
1195 3686 1291 3748 ὢν
1346 3685 1410 3755 ἐς
1464 3684 1688 3766 φίλους
1734 3683 2058 3749 ἁλίσκεται.
2191 3686 2283 3768 μή
2329 3683 2416 3767 τι]
2473 3683 2564 3748 Ut
2606 3685 2685 3748 οὔ
2730 3708 2799 3747 τι.

350 3772 441 3835 Cf.
489 3771 584 3835 El.
636 3774 824 3837 1275.
873 3772 1020 3837 Eur.
1068 3774 1203 3837 Ion.
1238 3774 1382 3837 656.
1431 3774 1569 3847 ἄξω
1616 3773 1851 3856 θεατὴν
1900 3774 2099 3858 δῆθεν
2145 3774 2239 3845 ὡς
2285 3774 2405 3837 οὐκ
2451 3772 2579 3837 ὄντ’
2625 3773 2799 3856 ἐμόν.

350 3863 497 3924 841.
546 3860 716 3935 Ἴων,
781 3863 933 3926 ἰόντι
989 3863 1188 3945 δῆθεν
1242 3864 1332 3927 ὅτι
1378 3863 1726 3945 συνήντετο.
1798 3863 1985 3927 1044.
2050 3863 2176 3945 ἰδίᾳ
2234 3862 2329 3936 δὲ,
2392 3864 2483 3945 μή
2532 3887 2584 3928 τι
2629 3867 2799 3937 πᾶσι,

348 3951 626 4035 χωρίσας
672 3950 870 4016 ποτὸν
914 3952 1039 4016 κτλ.
1086 3952 1272 4017 Rhes.
1309 3953 1453 4014 717.
1499 3951 1699 4015 πολλὰ
1751 3951 1821 4015 δὲ
1866 3952 1977 4016 τὰν
2020 3952 2287 4035 βασιλίδ’
2332 3954 2535 4016 ἑστίαν
2572 3953 2798 4035 Ἀτρει-

352 4041 471 4103 δᾶν
524 4046 747 4112 κακῶς
787 4042 796 4125 Ι
836 4042 1021 4124 ἔβαζε
1069 4041 1269 4124 δῆθεν
1332 4041 1569 4124 ἐχθρὸς
1632 4043 1728 4105 ὢν
1783 4042 2235 4124 στρατηλάταις.
2301 4041 2534 4107 Herod.
2587 4041 2692 4104 Vl.
2747 4042 2799 4104 1.

350 4130 697 4213 ἒθωύμαζέ
739 4154 802 4194 τε
846 4129 916 4194 τὸ
964 4130 1224 4213 γεγονὸς
1268 4131 1362 4200 ὡς
1407 4130 1596 4194 οὐδὲν
1644 4131 1845 4213 δῆθεν
1893 4169 1974 4177 -
2023 4132 2444 4214 ἐπιστάμενος.

531 4238 677 4301 387.
723 4238 1007 4319 nei-60²2]
1071 4237 1313 4303 Eadem
1382 4239 1584 4302 forma
1646 4244 1745 4303 est
1807 4238 1877 4303 Ο.
1909 4236 1982 4302 Β.
2032 4239 2177 4302 604.
2255 4238 2396 4303 Nisi
2463 4237 2799 4319 utrobique

348 4327 568 4389 πυθοῦ
613 4326 1034 4392 scribendum.

529 4417 674 4479 389.
722 4416 852 4480 ἀπὸ
901 4416 1192 4501 γνώμης]
1242 4418 1332 4481 Cf.
1372 4416 1522 4481 Eur.
1555 4417 1719 4482 Med.
1756 4421 1902 4483 218.
1951 4418 2261 4501 ὀμμάτων
2291 4417 2437 4480 ἄπο.
2516 4417 2624 4480 Sic
2669 4415 2799 4480 ἀπὸ

348 4506 588 4588 τρόπου
636 4511 699 4570 et
742 4506 872 4570 ἀπὸ
919 4514 1168 4571 σκοποῦ
1214 4507 1412 4590 λέγειν
1457 4508 1625 4592 apud
1672 4507 2022 4572 Platonem.
