3463 5287
1340 438 1730 487 Pnnnormm
2629 423 2761 487 429

306 597 486 680 ἀγὼν
518 635 601 644 -
636 597 811 681 γόων
843 597 1016 680 γόοις
1057 578 1375 682 διάδοχος.
1424 601 1622 665 Andr.
1657 602 1805 666 802.
1838 601 1931 671 ὥς
1960 599 2166 665 κακὸν
2194 607 2386 683 κακῷ
2415 602 2646 683 (κακοῦ
2659 600 2712 683 Ρ)
2748 598 2757 689 1

307 687 611 771 διάδοχον
665 690 735 751 ἐν
787 688 922 772 τῇδ’
978 689 1187 773 ἡμέρᾳ
1240 690 1634 772 πορσύνεται.
1700 689 2011 775 Hyperid.
2059 688 2346 775 Epitaph.
2399 690 2541 753 145.
2597 691 2760 773 ὑπὲρ

306 775 401 841 ὧν
446 777 747 843 ἁπάντων
795 774 966 842 οὗτοι
1010 778 1251 849 πόνους
1304 779 1526 844 πόνων
1583 780 1925 864 διαδόχους
1978 780 2348 863 ποιούμενοι
2397 817 2479 826 -
2527 779 2598 844 τὸ
2645 781 2761 864 ζῆν

305 866 659 950 ἀνήλωσαν.
736 864 835 931 De
881 867 1150 934 articulo
1196 875 1340 953 post
1383 866 1442 933 ὦ
1488 869 1691 953 posito
1739 871 1815 935 cf.
1865 868 2011 933 987.
2059 868 2154 933 ΕΙ.
2205 870 2350 933 504.
2400 870 2499 953 Aj.
2548 870 2696 934 861.

484 958 632 1022 868.
681 956 1069 1042 οἰκούρημα]
1118 955 1207 1021 Cf.
1253 957 1405 1022 Eur.
1455 957 1558 1022 Or.
1610 959 1754 1022 928.
1801 958 1966 1023 Med.
2015 959 2117 1021 49.

484 1048 631 1111 869.
679 1044 770 1110 Cf.
803 1047 952 1111 Ant.
988 1047 1133 1111 390.
1167 1047 1239 1111 O.
1261 1047 1326 1112 C.
1355 1048 1499 1111 748.
1548 1048 1778 1111 Aesch.
1826 1046 2036 1112 Prom.
2069 1047 2215 1111 710.
2263 1047 2483 1112 οὔποτ’
2517 1049 2761 1133 ηὔχουν

304 1136 525 1209 ξένους
552 1135 887 1219 μολεῖσθαι
917 1136 1146 1218 λόγους
1176 1138 1243 1208 ές
1273 1136 1479 1201 ἀκοὰν
1509 1136 1688 1219 ἐμάν.
1740 1140 1855 1221 Ag.
1880 1136 2025 1201 508.
2074 1137 2153 1200 οὐ
2191 1138 2313 1219 γάρ
2344 1135 2485 1201 ποτ’
2516 1139 2760 1222 ηὔχουν

308 1261 390 1272 -
422 1225 729 1308 μεθέξειν.
779 1223 994 1309 Suppl.
1045 1227 1192 1290 334.
1239 1226 1373 1290 ἐπεὶ
1417 1227 1504 1297 τίς
1549 1227 1727 1310 ηὔχει
1762 1264 1844 1273 -
1876 1227 2148 1304 κέλσειν,·
2197 1225 2380 1290 Eum.
2415 1227 2559 1291 554.
2611 1227 2757 1292 Eur.

306 1314 457 1378 Her.
507 1316 652 1378 931.
701 1315 779 1378 οὐ
827 1316 949 1398 γάρ
994 1315 1135 1379 ποτ’
1183 1317 1360 1399 ηὔχει
1405 1321 1620 1399 χεῖρας
1664 1317 1911 1390 ἵξεσθαι
1956 1317 2159 1381 σέθεν.
2206 1314 2348 1380 Hel.
2402 1317 2588 1380 1619.
2638 1318 2758 1381 οὐκ

305 1405 384 1468 ἄν
429 1404 568 1467 ποτ’
614 1406 858 1488 ηὔχουν
905 1442 987 1450 -
1037 1405 1207 1488 ἡμᾶς
1253 1405 1314 1485 (Ι.
1360 1405 1462 1488 ἔμ’
1507 1407 1609 1483 ἂν)
1654 1406 1874 1470 λαθεῖν
1915 1405 1923 1490 Ι
1964 1404 2313 1470 Μενέλαον.

485 1512 631 1575 872.
680 1511 959 1583 εὐπετῶς
992 1549 1077 1558 -
1108 1512 1404 1597 ἐνεγκεῖν]
1452 1510 1570 1589 Qu.
1618 1511 1914 1596 εὐλόφως
1962 1549 2073 1575 --.
2152 1511 2240 1576 Of.
2289 1511 2438 1576 Eur.
2479 1511 2575 1578 Fr.
2615 1514 2757 1577 175.

304 1600 472 1671 ὅστις
518 1600 588 1664 δὲ
632 1600 796 1682 πρὸς
838 1600 911 1664 τὸ
956 1607 1184 1665 πῖπτον
1215 1601 1496 1684 εὐλόγως
1529 1601 1909 1684 (εὐλόφωςΡ)
1942 1603 2121 1685 φέρει
2159 1602 2170 1684 l
2210 1601 2319 1666 τὸν
2352 1603 2600 1685 δαίμον’
2631 1604 2756 1667 κτλ.

485 1691 630 1753 873.
679 1691 915 1772 ἁγαθοὶ
979 1690 1418 1775 στρατηλάται]
1487 1690 1743 1755 Ironice
1809 1691 2069 1755 dietum.
2159 1690 2247 1755 Cf.
2297 1693 2443 1756 Ant.
2492 1693 2594 1755 31.
2649 1691 2759 1756 τὸν

304 1778 556 1862 ἀγαθὸν
598 1778 905 1860 Κρέοντα.

483 1887 630 1950 874.
678 1886 770 1952 Of.
806 1888 952 1951 384.
1000 1886 1096 1951 ΕΙ.
1133 1889 1278 1952 589.
1324 1887 1470 1958 τοὺς
1519 1924 1601 1934 -
1650 1888 1926 1972 εὐσεβεῖς
1970 1888 2096 1963 κάξ
2141 1888 2425 1972 εὐσεβῶν
2452 1889 2754 1972 βλαστόν-

304 2000 429 2046 τας.
479 1977 575 2058 Aj.
615 1976 800 2040 1304.
835 1975 932 2039 Fr.
973 1977 1114 2041 103.
1165 1977 1370 2041 δεινόν
1417 2001 1486 2059 γε
1529 1976 1677 2049 τοὺς
1718 1977 1840 2061 μὲν
1888 1978 2208 2061 ὀυσσεβεῒς
2237 1983 2464 2042 κακῶν
2492 1977 2546 2041 τ’
2578 1979 2708 2042 ἄπο
2744 1976 2752 2065 Ι

303 2065 681 2148 βλαστόντας
713 2103 796 2113 -
828 2067 1131 2148 πράσσειν
1175 2067 1406 2137 καλῶς.
1453 2065 1604 2131 Eur.
1652 2066 1854 2132 Orest.
1893 2067 2079 2131 1676.
2126 2067 2385 2151 εὐγενὴς
2430 2067 2541 2130 ἀπ’
2581 2068 2754 2151 εὐγε-

304 2160 470 2225 νοῦς.
541 2154 728 2219 Rhes.
777 2155 925 2219 833.
1003 2155 1230 2226 ἐσθλὸς
1292 2156 1544 2220 ἐσθλοῦ.
1610 2156 1853 2220 Andoc.
1908 2178 1966 2241 p.
2020 2157 2129 2238 14,
2181 2157 2323 2220 109.
2389 2156 2626 2239 ἀγαθοὶ
2689 2158 2759 2230 ἐξ

304 2243 592 2325 ἀγαθῶν.
655 2246 813 2308 Xen.
862 2248 1049 2329 AgeS.
1098 2244 1144 2308 Ι.
1194 2247 1253 2308 2.
1306 2245 1413 2309 καὶ
1465 2246 1706 2316 τούτοις
1754 2283 1836 2293 -
1893 2247 1965 2310 ἐκ
2018 2245 2332 2330 βασιλέων
2382 2246 2754 2329 βασιλεῦσιν.

301 2332 556 2398 Theocr.
606 2335 710 2416 22,
743 2335 844 2397 56.
890 2333 1036 2418 μήτ’
1082 2334 1347 2405 ἀδίκους
1390 2333 1536 2417 μήτ’
1583 2335 1653 2410 ἐξ
1697 2335 1959 2399 ἀδίκων.
2006 2334 2164 2399 Plat.
2212 2334 2481 2400 Phaedr.
2516 2337 2645 2399 274
2677 2337 2753 2399 A.

482 2442 628 2504 875.
675 2440 843 2505 ταῦτ’
889 2442 958 2506 ἐν
1003 2443 1249 2525 εὐχερεῖ
1285 2441 1470 2526 ἔθου]
1520 2441 1609 2506 Cf.
1648 2445 1797 2507 473.
1845 2442 1977 2506 ἀλλ’
2024 2443 2090 2506 ἐν
2136 2444 2442 2525 παρέργῳ
2488 2443 2616 2506 θοῦ
2655 2466 2754 2525 με.

303 2531 451 2593 451.
505 2536 633 2594 ποῦ
697 2531 820 2614 χρὴ
877 2532 1164 2595 τίθεσθαι
1216 2537 1441 2608 ταῦτα,·
1514 2533 1661 2596 498.
1719 2530 1896 2595 O.R.
1945 2533 2091 2595 287.
2160 2530 2306 2595 Eur.
2363 2531 2505 2596 Hel.
2566 2533 2753 2596 1227.

302 2619 370 2683 ἐν
416 2620 691 2702 εὐμαρεῖ.
746 2621 931 2685 1277.
980 2621 1047 2685 ἐν
1078 2621 1331 2706 εὐσεβεί
1378 2620 1474 2686 ΕΙ.
1510 2623 1655 2686 550.
1701 2622 1771 2687 ἐν
1803 2620 1872 2686 δὲ
1902 2621 2191 2705 κιβδήλῳ
2221 2621 2381 2686 τόδε.
2428 2619 2585 2687 Hee.
2606 2622 2753 2686 806.

300 2713 467 2773 ταῦτ’
524 2707 641 2774 οὖν
703 2712 771 2774 ἐν
826 2713 1073 2794 αἰσχρῷ
1126 2712 1415 2794 θέμενος.
1469 2711 1725 2777 Theocr.
1775 2714 1879 2794 22,
1926 2713 2072 2774 212.
2121 2712 2290 2776 οὕτω
2343 2710 2756 2793 Τυνὸαρίὄαις

300 2799 715 2881 πολεμιζέμεν
747 2800 866 2863 οὐκ
899 2802 966 2864 ἐν
993 2800 1277 2884 ἐλαφρῷ.
1328 2799 1560 2865 Herod.
1582 2800 1629 2865 I.
1655 2801 1798 2865 118.
1846 2801 1967 2865 οὐκ
1998 2801 2067 2865 ἐν
2097 2801 2362 2884 ἐλαφρῷ
2392 2801 2753 2884 ἐποιεύμην.

482 2889 628 2952 876.
676 2888 930 2973 ἵσταται]
977 2889 1323 2954 Tollitur.
1401 2890 1674 2974 Angliee
1712 2892 1777 2954 is
1808 2891 2076 2954 raised.
2155 2890 2244 2955 Of.
2278 2889 2430 2955 Eur.
2462 2890 2614 2955 Her.
2651 2892 2752 2954 73.

302 2978 374 3040 ἔα
422 2979 524 3040 ἔα·
571 2978 658 3048 τίς
702 2979 740 3060 ἡ
788 2979 911 3061 βοὴ
958 2979 1193 3063 βωμοῦ
1240 2979 1433 3051 πέλας
1474 2981 1483 3062 Ι
1523 2981 1776 3063 &omum

481 3067 628 3131 878.
675 3073 884 3131 κακοῦ
942 3105 1025 3114 —
1083 3067 1442 3152 ἀνάπαυλα]
1502 3068 1591 3133 Of.
1638 3068 1734 3132 El.
1783 3069 1930 3132 874.
1976 3068 2394 3132 κάνάπαυλαν
2443 3066 2539 3133 ὧν
2579 3067 2589 3152 Ι
2628 3070 2750 3132 πά·-

302 3157 522 3238 ροιθεν
552 3150 715 3240 εἶχες
749 3195 831 3203 —
864 3162 1107 3222 κακῶν.
1154 3157 1305 3221 Eur.
1337 3158 1435 3223 Fr.
1472 3159 1617 3238 912,
1654 3159 1753 3220 13.
1801 3159 2003 3239 εὑρεῖν
2047 3158 2325 3241 μόχθων
2365 3157 2752 3221 ἀνάπαυλαν.

301 3244 491 3329 Hipp.
547 3246 688 3310 190.
735 3247 1087 3319 ἀνάπαυσις
1130 3247 1370 3312 πόνων.

483 3353 629 3416 880.
676 3354 839 3436 ἡνίκ’
886 3357 966 3419 ἂν
1010 3355 1215 3426 κόπος
1258 3354 1328 3437 μ’
1376 3351 1737 3440 ἀπαλλάξῃ]
1799 3353 1886 3418 Cf.
1939 3353 2089 3417 Eur.
2123 3352 2312 3438 Hipp.
2358 3354 2501 3417 772.
2548 3354 2749 3417 ἀπαλ-

302 3440 620 3507 λάσσουσά
666 3446 715 3506 τ’
763 3444 1047 3527 ἀλγεινὸν
1092 3449 1349 3529 φρενῶν
1390 3445 1398 3528 Ι
1439 3445 1664 3526 ἔρωτα.

481 3532 627 3595 881.
675 3532 1034 3617 ἐπίσχωμεν
1077 3533 1149 3599 τὸ
1179 3534 1376 3619 πλεῖν]
1411 3533 1501 3598 Of.
1537 3533 1683 3596 349.
1717 3533 1796 3597 οὐ
1826 3531 2029 3597 πολὺν
2067 3533 2077 3615 Ι
2118 3533 2353 3616 χρόνον
2382 3533 2452 3616 μ’
2486 3534 2754 3617 ἐπέσχον

297 3621 388 3705 μή
435 3645 519 3704 με
565 3623 922 3687 ναυστολεῖν
966 3624 1140 3706 ταχύ.
1192 3624 1379 3687 1241.
1427 3624 1587 3686 ἔστιν
1632 3622 1706 3693 ὅς
1751 3647 1821 3686 σε
1866 3622 2139 3687 κωλύσει
2183 3622 2254 3686 τὸ
2303 3623 2480 3706 ὁρᾶν.

479 3713 625 3776 882.
672 3712 956 3794 παρόντα
1013 3712 1170 3797 νῷν]
1228 3711 1315 3777 Cf.
1364 3714 1511 3777 877.
1558 3712 1816 3795 πάρεστ’
1853 3710 2156 3794 Ὀρέστης
2209 3713 2375 3795 ἡμίν.
2441 3712 2555 3776 Ph.
2605 3714 2750 3776 564.

298 3800 562 3882 ἄγγελος
605 3802 869 3884 πάρειμί
909 3825 1023 3866 σοι.
1072 3802 1143 3867 Ο.
1175 3801 1247 3866 R.
1299 3803 1443 3865 648.

479 3909 626 3972 883.
673 3907 998 3991 ἐμπνέοντ’
1029 3907 1136 3992 ἔτι]
1185 3907 1272 3972 Cf.
1307 3911 1403 3992 Aj.
1438 3910 1586 3972 417.
1635 3909 1756 3972 οὐκ
1795 3909 1876 3972 ἔτ’
1909 3907 2206 3991 ἀμπνοὰς
2235 3910 2476 3991 ἔχοντα.
2527 3910 2750 3973 Aesch.

298 3996 420 4079 Ag.
454 3996 599 4059 622.
649 3997 798 4061 Eur.
830 3998 968 4062 Alc.
1001 3999 1148 4061 205.
1195 3998 1466 4081 σμικρὸν
1511 3997 1851 4080 ἔμπνέουσ’
1898 3999 1997 4061 ἔτι.
2045 3998 2235 4083 Hipp.
2275 3999 2460 4062 1246.
2506 3997 2753 4081 βραχὺν

302 4084 380 4167 ὀὴ
427 4085 638 4167 βίοτον
684 4086 977 4169 ἐμπνέων
1022 4088 1123 4151 ἔτι.
1194 4087 1428 4152 Phoen.
1480 4089 1668 4151 1428.
1716 4088 1802 4150 ἔτι
1848 4086 1969 4170 γὰρ
2016 4088 2310 4170 ἐμπνέων
2353 4089 2580 4171 βραχύ.
2648 4085 2751 4151 Or.

308 4175 448 4326 1⁶55.
505 4175 588 4238 ἔτι
641 4175 761 4257 μὲν
815 4176 1082 4259 ἐμπνέει.
1149 4177 1247 4241 Fr.
1296 4177 1441 4241 936.
1512 4179 1659 4249 οὔκ,
1725 4176 1860 4240 ἀλλ’
1924 4177 2005 4240 ἔτ’
2070 4178 2354 4259 ἔμπνουν
2409 4176 2619 4259 Ἀΐόης
2678 4177 2751 4260 μ’

298 4265 330 4326 ἓ
376 4264 574 4336 έξατο.

480 4354 626 4417 884.
674 4353 1062 4440 συμβόλαια]
1130 4355 1221 4420 Cf.
1267 4354 1417 4420 Eur.
1463 4357 1599 4421 Ion.
1646 4357 1795 4420 423.
1861 4355 1905 4419 ἅ
1948 4379 2011 4419 τε
2056 4355 2411 4439 συμβόλαια
2466 4355 2753 4438 πρόσθεν

297 4441 379 4525 ἦν
419 4442 429 4525 Ι
469 4442 534 4514 ἐς
588 4444 782 4508 παῖδα
839 4445 949 4510 τὸν
1011 4444 1127 4509 σὸν
1188 4447 1525 4528 μεταπέσοι
1590 4446 1892 4529 βελτίονα.
1958 4444 2196 4509 Herod.
2241 4444 2320 4508 V.
2370 4446 2470 4508 92.
2534 4444 2752 4509 πιστὸν

298 4531 421 4614 γάρ
469 4533 532 4596 οῖ
573 4530 653 4616 ἦν
696 4533 1222 4618 τὸσυμβόλαιον.
