3463 5287
1301 446 1556 496 omnus
1599 448 1722 492 m
2609 430 2735 494 387

276 605 391 669 καὶ
436 604 663 670 θανὼν
709 606 1069 688 κεκτήσεται
1110 605 1120 688 Ι
1160 606 1337 670 θεῶν
1382 607 1720 689 πατρῴων.
1767 606 1959 670 Thuc.
1992 607 2039 671 Ι.
2080 608 2220 671 126.
2266 607 2337 670 τὸ
2368 608 2523 689 ἄγος
2553 608 2736 672 ἐλαύ·

274 720 408 759 νειν
453 701 563 777 τῆς
610 696 785 759 θεοῦ.
840 696 984 758 128.
1030 694 1101 758 τὸ
1145 701 1255 777 τῆς
1299 693 1692 758 Χαλκιοίκου
1739 696 1910 778 ἄγος.

469 786 654 847 1427.
702 783 1088 868 ἀκάλυπτον]
1137 783 1224 847 Cf.
1257 783 1406 847 Eur.
1441 784 1629 849 Herc.
1666 786 1856 848 1231.
1903 784 2041 848 ΗΡ.
2089 786 2147 847 τί
2188 786 2343 869 δῆτά
2389 810 2518 869 μου
2561 785 2738 869 κρᾶι)

279 874 692 956 ἀνεκάλυψας
755 873 948 956 ἡλίῳ,·
998 875 1006 954 Ι
1065 871 1208 937 ΘΗ.
1273 875 1331 935 τί
1391 873 1449 935 δ’
1516 875 1627 949 οῦ,·
1689 876 1951 956 ,μιαίνεις
2016 875 2249 958 θνητὸς
2314 877 2410 938 ὢν
2472 875 2544 939 τὰ
2610 882 2738 939 τῶν

278 965 491 1040 θεῶν,·
529 962 702 1027 Med.
755 964 920 1025 1327
956 982 1048 1046 sq.

304 1111 311 1118 -
469 1072 655 1132 1428.
703 1070 951 1152 ὄμβρος
996 1068 1194 1152 ἱερὸς]
1244 1069 1331 1134 Of.
1374 1071 1520 1134 Ant.
1555 1072 1701 1134 879.
1748 1071 1893 1134 τόδε
1938 1072 2276 1153 λαμπάδος
2322 1071 2491 1154 ἱερὸν
2537 1073 2737 1155 ὄμμα.

283 1158 357 1222 O.
391 1157 455 1222 O.
489 1160 636 1222 469.
685 1158 857 1240 ῖερὰς
890 1194 971 1203 -
1004 1159 1178 1242 χοάς.
1229 1159 1340 1222 Ph.
1378 1160 1521 1222 706.
1570 1161 1741 1241 ἱερᾶς
1789 1166 1919 1242 γᾶς.
1971 1163 2159 1223 1215.
2210 1160 2357 1224 Eur.
2392 1159 2554 1225 Med.
2589 1163 2736 1226 846.

282 1250 476 1329 ἱερῶν
520 1252 847 1329 ποταμῶν.
896 1246 1082 1332 Hipp.
1120 1248 1308 1310 1206.
1356 1248 1526 1330 ἱερὸν
1559 1287 1641 1295 —-
1676 1254 1870 1332 κῦμα.
1909 1249 2097 1314 Hom.
2129 1250 2201 1313 Il.
2242 1251 2339 1332 ll,
2377 1253 2521 1314 331.
2569 1251 2740 1333 ἱερὸν

281 1337 479 1419 ἦμαρ.
548 1336 808 1418 Dionys.
859 1336 1100 1420 Perieg.
1147 1336 1254 1399 fin.
1324 1337 1458 1419 ἱερὰ
1523 1339 1806 1421 χεύματα
1862 1340 2115 1403 πόντου.
2252 1339 2738 1424 προσδέρξεται]

283 1427 372 1489 Cf.
417 1427 517 1489 Tr.
568 1427 711 1489 606.
757 1425 913 1509 μηδ’
960 1426 1188 1508 ὄψεταί
1229 1451 1322 1489 νιν
1355 1464 1438 1473 -
1471 1431 1707 1510 φέγγος
1754 1429 1951 1511 ἡλίου.
1999 1427 2148 1492 Eur.
2192 1427 2355 1493 Med.
2391 1431 2536 1492 353.
2583 1432 2648 1493 εἴ
2681 1430 2741 1492 σ”

283 1517 561 1598 ἠπιοῦσα
608 1515 864 1598 λαμπὰς
910 1516 1131 1596 ὄψεται
1179 1517 1339 1580 θεοῦ
1385 1517 1512 1579 κτλ.
1591 1515 1779 1592 Quod
1825 1519 1877 1581 si
1914 1536 2062 1581 vera
2109 1525 2203 1582 est
2248 1519 2505 1601 vulgata
2553 1519 2738 1584 lectio

282 1605 694 1687 προσδέξεται
741 1606 901 1687 (γῆ),
967 1605 1043 1667 cf.
1101 1603 1249 1668 Eur.
1307 1604 1494 1689 Hipp.
1550 1607 1736 1670 1030.
1802 1607 1910 1670 καὶ
1962 1608 2120 1689 μήτε
2172 1607 2404 1678 πόντος
2454 1610 2613 1691 μήτε
2660 1615 2741 1692 γῆ

285 1695 529 1768 δέξαιτό
574 1718 704 1776 μου
746 1699 755 1776 Ι
797 1695 1039 1775 σάρκας
1102 1695 1439 1767 θανόντος,
1505 1697 1563 1759 εἶ
1606 1733 1715 1757 -.
1782 1695 1884 1760 Or.
1939 1697 2124 1760 1085.
2188 1698 2351 1780 μήθ’
2406 1697 2562 1780 αἷμά
2608 1721 2739 1779 μου

287 1784 534 1858 δέξαιτο
579 1784 905 1865 κάρπιμον
948 1784 1164 1856 πέδον,
1207 1783 1216 1865 Ι
1256 1783 1345 1867 μὴ
1394 1785 1688 1867 λαμπρὸς
1734 1786 1960 1868 αἰθὴρ,
2008 1787 2066 1849 εἰ
2109 1823 2188 1833 -
2240 1786 2613 1868 άπολίποιμί
2653 1810 2738 1850 σε.

473 1875 658 1937 1430.
706 1879 834 1943 τοῖς
890 1874 956 1936 ἐν
1022 1873 1212 1957 γένει]
1290 1872 1666 1957 Cognatis.
1747 1874 1836 1937 Of.
1892 1876 2077 1938 1016.
2146 1874 2222 1958 ἦν
2285 1899 2385 1939 σοι
2438 1875 2742 1958 Πόλυβος

290 1962 480 2025 οὐδὲν
535 1963 602 2025 ἐν
658 1964 829 2044 γένει.
895 1962 1044 2025 Ant.
1094 1962 1239 2025 659.
1305 1962 1451 2033 τοὺς
1506 1965 1634 2036 ἔξω
1691 1965 1928 2046 γένους.
1993 1965 2220 2027 ΑθΒοΙι.
2271 1964 2423 2029 ChO.
2474 1966 2618 2027 287.
2667 1967 2739 2029 ἐκ

290 2053 777 2133 προστροπαίων
822 2052 889 2114 ἐν
936 2053 1093 2133 γένει
1139 2052 1588 2115 πεπτωκότων.
1635 2051 1787 2115 Eur.
1834 2054 1968 2116 Alc.
2020 2055 2165 2117 904.
2231 2054 2378 2136 ἐμοί
2416 2078 2503 2125 τις
2549 2053 2628 2137 ἧν
2673 2056 2741 2118 ἐν

292 2143 466 2222 γένει.
531 2139 708 2205 Dem.
755 2142 828 2204 in
870 2142 1064 2205 Arist.
1113 2142 1150 2223 ἓ
1203 2142 1301 2203 72.
1365 2165 1497 2205 τινα
1551 2147 1679 2204 τῶν
1736 2144 1802 2205 ἐν
1858 2144 2032 2224 γένει.
2097 2141 2392 2226 Dicaeog.
2440 2149 2592 2227 trag.
2640 2143 2739 2207 Fr.

296 2233 350 2312 l,
399 2232 454 2291 3.
503 2232 541 2312 ἢ
587 2237 778 2294 τοῖσιν
824 2230 1058 2312 ἅγχιστ’
1107 2231 1173 2293 ἐν
1206 2232 1362 2311 γένει
1393 2231 1728 2314 πεφυκόσι.
1806 2232 1914 2295 Sic
1952 2232 2019 2294 ἐν
2050 2233 2260 2315 αἵματι
2295 2233 2521 2296 Aesch.
2556 2232 2739 2296 Eum.

289 2320 433 2382 603.
568 2317 867 2403 τάγγενῆ]
916 2319 963 2382 Ι.
997 2339 1048 2383 e.
1098 2320 1444 2385 domestica
1491 2320 1672 2384 mala.
1742 2320 1833 2384 Of.
1883 2318 2042 2385 O.C.
2080 2322 2267 2384 1135.

470 2428 656 2490 1432.
705 2427 957 2497 ἐλπίδος
1000 2426 1070 2508 μ’
1119 2427 1519 2511 ἀπέσπασας]
1569 2428 1662 2491 Cf.
1710 2426 1806 2490 El.
1847 2428 1994 2491 809.
2042 2427 2419 2498 ἀποσπάσας
2466 2429 2587 2512 γὰρ
2632 2435 2741 2512 τῆς

286 2517 444 2599 ἐμῆς
476 2517 628 2599 οἴχει
660 2515 895 2599 φρενὸς
930 2515 937 2602 Ι
973 2518 1050 2579 αἵ
1066 2540 1177 2599 μοι
1206 2517 1399 2599 μόναι
1428 2523 1726 2600 παρῆσαν
1758 2517 2033 2581 ἐλπίδων
2064 2518 2147 2581 ἔτι
2180 2514 2185 2602 Ι
2218 2518 2389 2582 σὲ-
2414 2520 2583 2601 ἥξειν
2614 2519 2739 2583 κτλ.

286 2607 386 2689 Aj.
439 2607 627 2669 1382.
675 2607 788 2670 καί
826 2605 897 2690 μ’
946 2607 1221 2688 ἔψευσας
1268 2606 1519 2678 ἐλπίδος
1562 2607 1744 2671 πολύ.
1790 2606 1887 2671 Tr.
1940 2607 2083 2670 712.
2131 2609 2196 2671 εἴ
2229 2631 2279 2672 τι
2325 2608 2415 2691 μὴ
2450 2609 2738 2692 ψευσθῆ-

288 2718 482 2776 σομαι
528 2697 805 2779 γνώμης.
853 2695 1003 2759 Eur.
1052 2695 1238 2760 Here.
1278 2697 1425 2760 460.
1473 2695 1511 2778 ἦ
1560 2697 1723 2760 πολύ
1770 2721 1853 2778 με
1901 2697 2094 2780 δόξης
2136 2698 2470 2771 ἐξέπαισαν
2500 2698 2742 2769 ἐλπίδες

288 2786 375 2865 (αἱ
419 2785 596 2867 τύχαι
643 2784 904 2866 Nauck).
952 2787 1142 2849 Arist.
1191 2786 1345 2849 Rau.
1399 2787 1586 2849 1432.
1640 2787 1892 2869 ἐπείπερ
1940 2787 2193 2857 ἐλπίδος
2237 2788 2306 2869 μ’
2355 2788 2739 2857 ἀπέσπασας.

289 2874 524 2939 Herod.
572 2874 687 2938 IX.
740 2876 839 2938 61.
904 2875 1228 2957 μηδαμῶς
1292 2877 1491 2957 σφέας
1562 2876 1925 2958 ψευσθῆναι
1989 2883 2097 2958 τῆς
2161 2876 2427 2947 ἐλπίδος.
2495 2877 2541 2940 Ι.
2596 2878 2739 2940 141.

288 2962 549 3028 Inverse
594 2963 690 3027 ΕΙ.
724 2966 870 3028 809.
918 2964 1296 3035 ἀποσπάσας
1326 2964 1560 3047 φρενὸς
1601 2965 1609 3047 Ι
1650 2966 1728 3027 αἵ
1758 2988 1867 3046 μοι
1899 2964 2092 3048 μόναι
2121 2970 2420 3048 παρῆσαν
2451 2965 2741 3030 ἐλπίδων.

471 3072 657 3134 1433.
707 3071 957 3153 ἄριστος
1003 3070 1238 3155 ἐλθὼν]
1295 3071 1596 3155 Having
1642 3072 1913 3135 turned
1964 3078 2092 3135 out
2139 3071 2505 3152 (become)
2552 3082 2742 3136 most

290 3179 681 3245 generous.
759 3159 849 3223 Cf.
901 3162 1090 3224 1358.
1158 3163 1398 3224 οὔκουν
1461 3162 1699 3243 πατρός
1766 3164 1821 3242 γ’
1877 3163 1955 3223 ἂν
2001 3161 2236 3243 φονεὺς
2282 3160 2500 3243 ἦλθον.
2554 3164 2740 3226 1519.

293 3249 361 3313 Ο.
396 3250 462 3314 O.
515 3251 701 3313 1265.
750 3251 857 3313 καὶ
901 3256 1212 3333 μαρτυρῶ
1258 3251 1551 3321 κάκιστος
1597 3251 1973 3331 ἀνθρώπων
2018 3256 2283 3334 τροφαῖς
2324 3250 2331 3333 Ι
2372 3257 2504 3322 ταῖς
2542 3257 2742 3315 σαῖσιν

290 3341 477 3422 ἥκειν.
531 3340 718 3402 1177.
767 3341 916 3403 Ant.
966 3340 1067 3403 99.
1124 3341 1318 3411 ἄνους
1361 3340 1481 3423 μὲν
1528 3341 1718 3423 ἔρχει,
1775 3346 1903 3410 τοῖς
1948 3340 2152 3422 φίλοις
2199 3339 2257 3403 δ’
2304 3340 2528 3422 ὀρθῶς
2573 3341 2740 3425 φίλη.

291 3428 451 3493 Phil.
474 3432 619 3494 587.
667 3428 870 3513 ἔμοιγ’
902 3428 1167 3493 ἐλθόντα
1200 3430 1537 3513 προσφιλῆ.
1584 3429 1680 3493 ΕΙ.
1712 3430 1859 3493 201.
1892 3428 2149 3493 ἐλθοῦσ’
2180 3431 2437 3513 ἐχθίστα
2470 3431 2741 3514 (ἁμέρα).

470 3538 659 3600 1434.
704 3536 905 3600 πιθοῦ
968 3537 1027 3599 τί
1081 3535 1228 3621 μοι]
1296 3536 1385 3600 Of.
1433 3535 1617 3621 Soph.
1668 3535 1740 3601 Ο.
1774 3536 1840 3601 G.
1893 3537 2081 3599 1414.
2147 3535 2558 3612 Πολύνεικες,
2613 3539 2742 3601 ἱκε-

290 3627 450 3690 τεύω
499 3649 568 3690 σε
613 3626 955 3709 πεισθῆναί
995 3626 1052 3687 τί
1090 3649 1220 3707 μοι.
1279 3625 1428 3689 Eur.
1478 3624 1581 3690 Or.
1631 3627 1733 3689 92.
1779 3625 1944 3708 πρὸς
1989 3627 2167 3690 θεῶν
2212 3626 2412 3691 πίθοι’
2458 3628 2538 3691 ἂν
2585 3627 2743 3710 δῆτά
2852 3658 2857 3663 ’

289 3717 405 3797 μοι’
444 3739 527 3789 τι,
573 3716 891 3797 παρθένε,·
1024 3715 1189 3798 πρὸς
1236 3721 1353 3778 σοῦ
1401 3752 1486 3760 —
1533 3714 1801 3799 φράσω]
1850 3714 1940 3778 Of.
1987 3716 2084 3779 Tr.
2133 3718 2280 3780 479.
2331 3717 2431 3781 δεῖ
2470 3715 2590 3799 γὰρ
2637 3716 2743 3780 καὶ

293 3805 360 3868 τὸ
404 3804 568 3887 πρὸς
612 3806 825 3869 κείνου
871 3804 1084 3885 λέγειν.
1132 3803 1279 3868 Eur.
1314 3804 1451 3867 Ale.
1487 3806 1587 3868 58.
1633 3804 1797 3886 πρὸς
1841 3810 1970 3869 τῶν
2016 3808 2310 3889 ἔχοντων,
2366 3806 2588 3889 Φοῖβε,
2635 3806 2743 3870 τὸν

292 3894 493 3975 νόμον
537 3894 732 3977 τίθης.
777 3895 971 3958 Arist.
1022 3894 1208 3979 Vesp.
1243 3893 1389 3958 647.
1435 3895 1526 3977 μὴ
1575 3894 1739 3976 πρὸς
1785 3895 1944 3977 ἐμοῦ
1992 3894 2243 3976 λέγοντι.
2290 3894 2471 3958 Dem.
2504 3916 2562 3979 p.
2597 3896 2741 3958 981.

293 3987 480 4046 ταῦτα
530 3982 587 4045 δ’
634 3983 795 4047 ἐστὶν
849 3984 1094 4047 ἅπαντα
1145 4022 1224 4031 -
1273 3983 1438 4066 πρὸς
1502 3985 1679 4066 ἐμοῦ.
1746 3983 1936 4048 Thuc.
1984 3982 2097 4046 111.
2150 3985 2249 4047 38.
2317 3984 2358 4045 ὅ
2402 3985 2525 4047 ἐστι
2580 3983 2743 4066 πρὸς

294 4076 419 4134 τῶν
464 4072 865 4155 ἠδικηκότων
908 4073 1166 4155 μᾶλλον.

473 4180 661 4242 1435.
711 4178 1111 4245 Constructio
1160 4180 1314 4245 haec
1361 4187 1481 4262 est,
1527 4180 1634 4243 καὶ
1665 4186 1776 4244 τοῦ
1809 4181 2021 4262 χρείας
2052 4186 2255 4261 τυχεῖν
2286 4176 2418 4243 ὧδε
2464 4180 2742 4261 λιπαρεῖς

293 4293 403 4353 με,·
479 4269 646 4332 And
712 4274 783 4333 to
851 4270 1108 4333 obtain
1173 4271 1369 4334 what
1432 4270 1683 4350 object
1748 4270 1835 4333 do
1883 4288 2025 4350 you
2074 4270 2246 4332 thus
2308 4269 2742 4351 importune

295 4360 445 4422 me?
523 4357 613 4423 Cf.
663 4358 822 4422 Phil.
875 4360 1061 4423 1315.
1110 4357 1205 4423 ὧν
1253 4360 1323 4422 δέ
1368 4382 1485 4423 σου
1533 4365 1737 4441 τυχεῖν
1783 4359 2032 4440 ἐφίεμαι
2075 4358 2083 4441 Ι
2122 4358 2420 4421 ἄκουσον.
2468 4357 2562 4420 ΕΙ.
2597 4357 2742 4420 364.

294 4455 400 4531 τῆς
446 4454 561 4531 σῆς
609 4447 667 4510 δ’
716 4448 836 4511 οὒκ
884 4449 1015 4530 ἐρῶ
1061 4455 1240 4531 τιμῆς
1284 4455 1505 4531 τυχεῖν.
1563 4451 1663 4530 Α]’.
1714 4448 1860 4513 967.
1910 4450 2055 4510 924.
2207 4471 2291 4530 με
2326 4484 2405 4493 —-
2439 4447 2741 4531 λιπαρεῖς]

298 4536 381 4602 Cf.
430 4539 622 4602 Arist.
670 4538 828 4600 Ach.
870 4541 1015 4600 452.
1063 4538 1313 4620 λιπαρῶ
1361 4538 1437 4611 σ’,
1492 4537 1831 4620 Εὐριπίδη,
1874 4536 1884 4621 Ι
1927 4537 2037 4607 δός
2081 4560 2193 4619 μοι
2241 4536 2572 4619 σπυρίδιον
2617 4537 2744 4603 κτλ.

2177 4645 2317 4708 25*
