3463 5287
711 388 843 452 464
1759 407 2120 453 micanum

892 566 1039 629 391.
1088 565 1503 650 αὐτόκλητος]
1554 565 1640 629 Cf.
1690 567 1791 648 Aj.
1841 568 1986 629 289.
2036 566 2261 630 Aesch.
2313 564 2460 629 Cho.
2495 566 2642 629 838.
2690 568 2835 649 ἥκω
2880 565 3002 647 μὲν
3048 567 3160 629 οὔκ

711 656 1007 739 ἄκλητος,
1055 653 1188 719 ἀλλ’
1233 655 1587 737 ὑπάγγελος
1632 655 1764 738 (ὕπ’
1812 655 2180 738 ἀγγέλωνΡ).
2226 654 2462 719 Herod.
2493 653 2612 718 IX.
2646 657 2704 719 5.
2750 657 2935 737 ἤϊσαν
2982 656 3159 718 αὐτο-

711 746 935 815 κελέες.

891 834 1039 899 394.
1086 834 1180 905 ὡς
1224 834 1556 916 ἔρποντος,
1615 834 1706 905 ὡς
1754 834 1937 916 ὁρᾷς,
1994 834 2188 919 ἐμοῦ]
2247 832 2353 899 Sic
2399 834 2758 919 legendum.
2837 833 2926 899 Cf.
2981 835 3162 897 1241.

711 922 808 987 El.
862 924 1411 1006 1341.,ἤγγειλας,
1459 924 1553 994 ὥς
1598 924 1793 997 ἔοικέ,
1838 927 1908 1006 μ’
1955 924 2049 995 ὡς
2093 923 2462 1007 τεθνηκότα.
2508 925 2657 988 Ant.
2709 925 2853 987 735.

891 1015 1036 1077 395.
1085 1014 1157 1076 ἐκ
1202 1011 1480 1097 ταχείας]
1545 1013 1593 1076 Ι.
1642 1032 1693 1076 e.
1740 1013 1999 1096 ταχέως.
2077 1012 2163 1076 of.
2215 1014 2359 1077 727.
2425 1014 2495 1087 ἐξ
2555 1014 2864 1084 ἑκουσίας.
2932 1012 3162 1077 Herod.

711 1103 761 1167 I.
810 1104 912 1167 60.
977 1102 1054 1166 V.
1108 1102 1251 1166 116.
1316 1104 1388 1166 ἐκ
1435 1103 1580 1186 νέης
1626 1103 1746 1183 (de
1793 1121 2016 1183 novo,
2069 1103 2366 1181 denuo).
2432 1102 2509 1165 V.
2564 1104 2705 1167 106.
2772 1103 2843 1176 ἐξ
2886 1103 3162 1185 ὑστέρης.

711 1192 788 1256 V.
843 1193 984 1256 108.
1039 1192 1160 1256 οὐκ
1217 1192 1282 1263 ἒς
1333 1193 1609 1275 μακρήν.
1676 1191 1786 1256 VI.
1836 1194 1938 1255 85.
1985 1193 2055 1266 ἐξ
2098 1194 2377 1275 ὑστέρης.
2447 1191 2625 1255 VIII.
2677 1194 2733 1255 6.
2782 1193 2854 1255 ἐκ
2900 1199 3013 1275 τῆς
3058 1192 3157 1254 ἀν-

710 1283 855 1364 τίης.
908 1285 963 1345 7.
1011 1281 1081 1355 ἐξ
1125 1282 1417 1365 ἐναντίης.
1482 1280 1597 1345 [X.
1650 1282 1705 1343 7.
1771 1279 1870 1344 ἐπ’
1917 1282 2018 1364 ἴσῃ
2082 1306 2146 1344 τε
2190 1282 2298 1345 καὶ
2343 1281 2553 1364 ὁμοίῃ.
2617 1281 2734 1345 ΙΧ.
2783 1282 2884 1344 37.
2944 1282 3016 1344 ἐκ
3061 1286 3166 1363 τῆς

711 1372 926 1454 ἰθείης.
1004 1368 1109 1434 Sic
1156 1370 1236 1433 (δι’
1283 1370 1516 1454 ὀρθῆς,
1566 1369 1667 1434 διὰ
1713 1376 1928 1453 κενῆς,
1978 1377 2092 1435 etc.
2260 1370 2376 1434 σὺν
2421 1371 2639 1453 χρόνῳ
2683 1369 2942 1455 βραόεῖ]
3002 1368 3166 1453 Lege

711 1459 827 1524 σὺν
887 1459 1106 1543 χρόνῳ
1168 1462 1407 1543 βραχεῖ.
1485 1459 1578 1524 Cf.
1626 1458 1697 1523 O.
1730 1458 1797 1522 C.
1853 1461 2038 1524 1602.
2103 1460 2277 1524 τάσδ’
2333 1459 2660 1529 ἐπιστολὰς
2712 1460 2901 1541 πατρὶ
2942 1460 2953 1544 Ι
3000 1464 3174 1542 ταχεῖ

711 1552 972 1634 (βραχεῖ
1009 1554 1178 1614 recte
1225 1547 1482 1633 Reisig.)
1527 1548 1642 1613 σὺν
1687 1548 1922 1632 χρόνῳ.

893 1640 1038 1703 398.
1085 1637 1281 1721 {snat
1342 1637 1414 1702 τὸ
1476 1638 1695 1702 πιστὸν
1746 1675 1828 1685 —-
1875 1637 2143 1722 νεμεῖς,·]
2204 1638 2405 1703 ‘Num
2462 1658 2612 1703 vera
2674 1637 2948 1703 fideliter
3006 1657 3167 1700 nun-

712 1729 905 1792 tias?
953 1728 1145 1793 vertit
1188 1726 1379 1792 Dind.

889 1817 1038 1881 401.
1084 1816 1378 1901 Εὔβοιὶς]
1426 1815 1657 1881 Fadem
1706 1817 1910 1880 forma
1954 1823 2051 1880 est
2094 1837 2286 1901 supra
2332 1820 2478 1881 237.
2525 1816 2624 1880 Fr.
2674 1818 2823 1900 239,
2875 1819 2915 1879 2
2950 1815 3028 1881 D.

888 1907 1036 1971 403.
1085 1906 1177 1971 Cf.
1224 1906 1375 1970 Eur.
1422 1906 1660 1970 Phoen.
1710 1906 1856 1969 630.
1921 1906 2015 1978 ὡς
2076 1908 2135 1970 τί
2189 1906 2260 1989 μ’
2306 1908 2568 1989 ἱστορεῖς
2620 1906 2798 1981 nme,-
2863 1907 2970 1970 Or.
3022 1907 3160 1969 794.

711 1997 804 2068 ὡς
849 1997 906 2060 τί
949 1996 1027 2079 δὴ
1076 1995 1252 2071 τόδε,·

890 2088 1038 2150 406.
1087 2085 1378 2168 δάμαρτά
1425 2079 1494 2148 θ’
1543 2105 1688 2149 mss.
1767 2084 1934 2168 Lege
1982 2085 2274 2169 δάμαρτα
2325 2085 2399 2149 d’.
2479 2086 2568 2151 Cf.
2625 2084 2776 2149 Eur.
2823 2084 3017 2150 Herc.
3068 2085 3165 2148 97.

710 2181 857 2246 παῖς
904 2174 1135 2257 οὑμὸς,
1182 2175 1467 2258 εὐνήτωρ
1517 2174 1586 2238 a&
1632 2175 1760 2245 σός.
1817 2174 2052 2239 Herod.
2102 2173 2242 2238 Vll.
2298 2177 2393 2238 10.
2440 2175 2627 2257 πατρὶ
2671 2182 2764 2258 τῷ
2809 2182 2938 2257 σῷ,
2987 2173 3166 2237 ἀδελ-

712 2272 855 2349 ῳεῴ
903 2265 972 2328 δὲ
1019 2265 1175 2348 ἐμῷ.

891 2355 1039 2418 408.
1090 2353 1175 2418 Cf.
1212 2354 1282 2417 Ο.
1304 2353 1375 2417 R.
1402 2355 1589 2418 1013.
1635 2352 1802 2417 τοῦτ’
1833 2353 2015 2425 αὐτὸ,
2062 2354 2334 2436 πρέσβυ,
2381 2353 2565 2417 τοῦτό
2600 2353 2671 2437 μ’
2704 2355 2789 2425 εἷς
2837 2353 2934 2418 ἀεὶ
2966 2355 3166 2438 φοβεῖ.

891 2444 1037 2506 409.
1087 2439 1328 2529 ὁίκαια]
1378 2442 1468 2506 Cf.
1517 2444 1663 2506 495.
1716 2443 1905 2505 1116.
1958 2444 2145 2506 1126.

891 2531 1037 2594 410.
1083 2532 1272 2595 ποίαν
1318 2532 1515 2605 ἀξιοῖς
1563 2532 1785 2595 δοῦναι
1834 2532 2016 2615 δίκην
2065 2533 2180 2617 -]
2240 2532 2328 2596 Cf.
2378 2533 2448 2597 O.
2482 2531 2553 2595 R.
2605 2534 2748 2596 944.
2797 2533 2855 2596 εἰ
2898 2533 2971 2597 δὲ
3015 2531 3104 2616 μὴ
3155 2532 3161 2617 ἱ

712 2621 877 2703 λέγω
926 2620 982 2704 γ’
1030 2621 1158 2703 ἐγὼ
1204 2620 1500 2704 τάληθὲς,
1557 2620 1717 2695 ἀξιῶ
1764 2621 1998 2685 θανεῖν.
2054 2623 2246 2687 Arist.
2294 2622 2447 2687 Ran.
2502 2623 2687 2686 1009.
2742 2621 2909 2686 τοῦτ’
2958 2620 3074 2686 οὗν
3119 2621 3173 2684 εἰ

710 2735 801 2794 ‘⁴²⁷
850 2710 1771 2883 “1535423312..1¹‘0}?“Z}Z.
1786 2711 3168 2884 “322551‘55‘325'3‘5‘0’ssss.ffli’a‘zm...

713 2889 852 2972 (leg.
899 2889 1254 2968 ποικίλλεις)
1299 2890 1500 2973 ἔχων,·

893 2980 1041 3043 412.
1090 2977 1179 3043 Cf.
1232 2980 1419 3043 1121.
1467 2979 1657 3044 οὐδὲν
1704 2980 1953 3063 ξυνίημ’
1999 2978 2095 3045 ὧν
2140 2979 2218 3045 σὺ
2264 2981 2596 3052 ποικίλλεις
2640 2981 2849 3045 πάλαι.

892 3069 1040 3133 416.
1087 3066 1213 3150 λέγ’
1270 3070 1333 3131 εἴ
1374 3093 1427 3131 τι
1480 3068 1765 3153 χρῄζεις]
1834 3068 1922 3132 Of.
1971 3069 2119 3134 Eur.
2167 3069 2261 3133 ΕΙ.
2316 3072 2502 3134 1049.
2568 3070 2733 3135 Med.
2786 3072 2977 3134 1320.
3042 3067 3165 3150 λέγ’

713 3160 777 3222 εἴ
809 3183 862 3221 τι
907 3158 1137 3242 βούλει.
1205 3157 1418 3242 Suppl.
1469 3160 1615 3222 567.
1679 3159 1807 3241 λέγ’
1856 3161 1919 3223 εἴ
1952 3184 2004 3223 τι
2050 3159 2288 3242 βούλει·
2346 3160 2452 3223 καὶ
2507 3159 2629 3242 γὰρ
2676 3161 2754 3223 οὗ
2801 3159 3056 3242 σιγηλὸς
3100 3155 3164 3221 εἴ.

712 3246 847 3331 Iph.
896 3250 972 3311 A.
1022 3248 1168 3310 861.
1233 3249 1425 3330 φράζ’
1492 3249 1556 3312 εἴ
1606 3272 1659 3310 τι
1722 3249 1989 3332 χρῄζεις.
2057 3249 2216 3312 Phil.
2266 3251 2368 3312 49.
2435 3250 2497 3311 εἴ
2549 3274 2602 3312 τι
2647 3249 2899 3332 χρῄζεις
2946 3247 3163 3332 φράζε.

712 3336 947 3400 Herod.
996 3336 1172 3400 VIII.
1223 3337 1323 3399 58.
1372 3337 1619 3400 ἐκέλευε
1668 3374 1749 3383 -—
1798 3337 1993 3418 λέγειν
2040 3340 2103 3401 εἴ
2135 3363 2188 3401 τι
2235 3338 2419 3402 θέλει.

891 3428 1039 3489 418.
1089 3425 1182 3489 Cf.
1231 3425 1301 3488 Ο.
1334 3424 1406 3490 R.
1460 3427 1648 3489 1144.
1696 3426 1859 3509 πρὸς
1904 3429 1963 3490 τί
2000 3433 2184 3491 τοῦτο
2231 3429 2465 3499 τοῦπος
2511 3429 2804 3512 ἱστορεῖς,·

892 3516 1040 3579 419.
1088 3518 1167 3598 ἢν
1212 3515 1321 3578 ὑπ’
1386 3515 1641 3597 ἀγνοίας
1705 3516 1896 3600 ὁρᾷς]
1963 3516 2168 3581 Schol.
2224 3520 2304 3599 ἣν
2348 3525 2688 3599 προσποιεῖ
2735 3518 2998 3600 ἀγνοεῖν.
3078 3513 3163 3577 Of.

714 3604 825 3669 Ph.
878 3606 1021 3668 129.
1069 3604 1163 3674 ὡς
1208 3606 1287 3668 ἂν
1333 3604 1553 3686 ἅγνοία
1599 3611 1829 3688 προσῇ.
1893 3604 1989 3668 Τι’.
2039 3607 2185 3671 350.
2250 3607 2470 3688 ἀγνοία
2516 3608 2587 3690 μ’
2635 3609 2774 3691 ἔχει.
2833 3605 2927 3669 El.
2980 3605 3163 3669 1475.

712 3695 819 3757 τίν’
868 3695 1147 3777 ἀγνοεῖς,·
1191 3694 1288 3757 Tr.
1341 3695 1439 3756 78.
1488 3694 1596 3757 τὸν
1641 3695 1833 3777 λόγον
1880 3695 2001 3777 γαρ
2049 3695 2282 3777 ἀγνοῶ.
2331 3695 2482 3760 Eur.
2531 3696 2663 3780 Iph.
2710 3696 2775 3760 Τ.
2827 3697 2972 3759 358.
3020 3696 3161 3757 λεπ-

712 3787 841 3846 τῶν
906 3784 1088 3867 ὄμμα
1156 3782 1258 3846 διὰ
1323 3783 1761 3866 καλυμμάτων
1811 3786 1820 3866 Ι
1871 3785 2102 3866 ἔχουσῖ
2177 3783 2327 3849 Eur.
2384 3784 2576 3869 Hipp.
2640 3786 2826 3849 1294.
2901 3786 2994 3855 ὡς
3058 3780 3163 3845 ὑπ’

714 3873 995 3944 εὐκλείας
1039 3873 1228 3956 θάνῃ.
1308 3871 1614 3936 Similiter
1668 3874 1799 3937 fere
1846 3875 1996 3938 Ant.
2047 3875 2192 3936 692.
2249 3875 2392 3957 ἐμοὶ
2438 3875 2496 3938 δ’
2543 3875 2799 3938 ἀκούειν
2854 3874 2994 3937 ἔσθ’
3041 3868 3162 3934 ὑπὸ

714 3962 946 4025 σκότου
993 3961 1157 4025 τάὸε.

891 4053 1040 4114 424.
1088 4052 1177 4116 Cf.
1226 4051 1408 4116 Pind.
1458 4051 1526 4115 P.
1572 4051 1684 4115 IV.
1734 4054 1836 4115 85.
1884 4054 1951 4116 ἒν
1997 4054 2204 4136 ἀγορᾷ
2248 4054 2607 4137 πληθοντος
2652 4055 2863 4136 ὄχλου.

891 4143 1020 4204 425
1054 4161 1145 4223 sq.
1192 4141 1378 4206 ταύτὸ
1428 4141 1485 4205 δ’
1533 4142 1651 4226 -]
1719 4140 1808 4205 Cf.
1855 4142 1954 4206 Fr.
2004 4145 2149 4205 22).
2215 4145 2256 4206 ἃ
2305 4143 2375 4207 δὲ
2433 4143 2589 4227 δόξῃ
2646 4144 2935 4217 τοπάζω,
2999 4135 3161 4204 ταῦτ’

712 4231 864 4295 ἷὸεῖν
929 4235 1156 4314 σαφῶς
1219 4232 1412 4295 θέλω.
1478 4233 1704 4296 Aesoh.
1753 4233 1873 4315 Ag.
1928 4233 2114 4295 1367.
2178 4233 2248 4295 τὸ
2314 4231 2435 4316 γὰρ
2499 4232 2791 4307 τοπάζειν
2845 4237 2955 4296 τοῦ
3013 4224 3160 4310 σάφ’

712 4320 938 4384 εἷὸἑναι
988 4321 1051 4385 ὁί
1088 4345 1146 4384 α.

890 4346 1374 4497 426.χὸόκησιν]
1451 4410 1921 4495 Opinionem.
2010 4410 2096 4474 Cf.
2155 4411 2224 4474 Ο.
2258 4411 2330 4475 R.
2391 4414 2536 4475 681.
2623 4412 2883 4495 δόκησις
2956 4406 3158 4492 ἀγνὼς

710 4499 938 4582 λόγων.
