3463 5287
1416 452 1668 498 onmpus
1710 452 1838 496 unx
2722 434 2848 498 297

580 614 726 677 264.
773 611 909 676 τάδ’
946 612 1060 697 —J
1109 610 1196 676 Cf.
1233 614 1378 677 340.
1425 615 1466 676 ἃ
1500 619 1613 677 νῦν
1653 613 1968 694 ἀτιμάζεις
2004 613 2200 677 πόλιν.
2255 613 2442 676 1327.
2487 616 2631 682 πῶς
2675 614 2852 695 ἔτλης

397 709 650 766 τοιαῦτα
706 702 821 772 σὰς
875 704 1058 784 ὄψεις
1101 708 1417 785 μαρᾶναι,·
1473 705 1618 766 Ant.
1670 704 1815 765 546.
1862 705 1920 765 τί
1960 702 2129 766 ταῦτ’
2176 703 2358 785 ἀνιᾷς
2402 700 2506 784 μ’,·
2562 702 2656 765 ΕΙ.
2705 703 2850 765 613.

399 795 529 875 ἥτις
572 798 826 855 τοιαῦτα
873 792 985 875 τὴν
1030 798 1336 856 τεκοῦσαν
1381 793 1651 875 ὕβρισεν.
1703 793 1799 874 Aj.
1840 793 2025 856 1346.
2075 791 2152 855 σὺ
2198 798 2388 855 ταῦτα
2435 791 2611 855 τοῦδ’
2657 792 2849 875 ὕπερ-

397 887 620 963 μαχεῒς
666 882 840 963 ἐμοί,·
916 881 1101 945 1107.
1165 881 1239 944 τὰ
1304 881 1481 963 σέμν’
1528 883 1648 965 ἔπη
1713 881 1932 956 κόλαζ’
1980 882 2274 951 ἐκείνους.
2360 880 2484 946 Sed
2532 882 2854 965 corrigen-

401 971 550 1034 dum
601 969 1018 1049 proculdubio
1064 970 1237 1034 τοῦδ’
1284 990 1428 1033 eum
1463 971 1566 1034 Br.
1721 971 2107 1053 ὡσπερεὶ-
2142 969 2413 1055 πατρὸς]
2465 969 2553 1033 Of.
2603 969 2699 1033 Fr.
2751 972 2851 1034 33.

399 1060 698 1142 ὑφῃρέθη
747 1083 864 1124 σου
910 1060 1200 1143 κάλαμος
1245 1060 1519 1142 ὡσπερεὶ
1563 1060 1775 1142 λύρας.
1853 1060 2091 1124 Rarum
2145 1061 2213 1123 in
2257 1059 2617 1143 Tragoedia.
2682 1057 2852 1123 Ὦσεὶ

400 1148 632 1233 legitur
677 1149 772 1212 ΕΙ.
822 1151 968 1212 234.
1016 1152 1166 1223 Ant.
1218 1150 1363 1212 653.
1409 1150 1507 1214 Fr.
1559 1152 1659 1212 34.

578 1256 723 1318 265.
770 1256 1296 1340 ὗπερμαχοῦμαι]
1356 1257 1444 1320 Cf.
1497 1256 1585 1320 ΕΙ.
1640 1258 1782 1320 188.
1838 1254 1914 1326 ἇς
1969 1257 2151 1339 φίλος
2207 1258 2374 1327 οὔτις
2427 1258 2590 1340 ἀνὴρ
2636 1257 2849 1339 ὑπερί-

400 1368 624 1408 σταται.
675 1344 823 1408 Eur.
873 1345 968 1409 Fr.
1027 1347 1167 1427 120,
1217 1349 1273 1408 3.
1328 1347 1572 1427 πάτρας
1616 1347 2018 1427 ὑπερθανεῖν.
2077 1345 2225 1410 Eur.
2274 1345 2462 1409 Hero.
2511 1348 2659 1409 863.
2707 1370 2849 1410 στα-

401 1434 888 1517 διοδραμοῦμαι.
946 1435 1043 1498 Fr.
1098 1436 1195 1497 17.
1242 1435 1644 1516 ὑπερδοῦναι.
1704 1437 1897 1498 Arist.
1953 1434 2136 1519 Vesp.
2187 1436 2332 1499 956.
2388 1437 2480 1499 ὅτι
2526 1443 2644 1499 σοῦ
2690 1460 2850 1518 προ-

398 1525 659 1606 μάχεται
706 1532 821 1588 eto.
956 1524 1110 1588 κάπὶ
1156 1525 1336 1587 πάντ’
1385 1524 1724 1608 ἀφίξομαι]
1785 1524 1873 1589 Cf.
1922 1524 2070 1588 Eur.
2119 1525 2308 1608 Hipp.
2359 1526 2504 1588 283.
2561 1526 2626 1596 ἐς
2670 1526 2851 1588 πάντ’

399 1613 670 1695 ἀφῖγμαι
716 1613 949 1679 κούδὲν
996 1616 1328 1696 εἴργασμαι
1373 1614 1582 1678 πλέον.
1633 1615 1823 1677 Arist.
1865 1612 2049 1697 Vesp.
2087 1615 2232 1677 636.
2281 1614 2374 1684 ῶς
2423 1613 2481 1678 δ’
2527 1615 2628 1677 ἐπὶ
2671 1614 2851 1677 πάντ’

399 1703 719 1785 ἐλήλυθεν.
771 1703 883 1785 Eq.
934 1704 1078 1766 618.
1127 1703 1248 1767 εἴθ’
1296 1704 1588 1774 ἐπέλθοις
1633 1704 1878 1767 ἅπαντά
1924 1726 2035 1785 μοι
2082 1708 2323 1785 σαφῶς.
2372 1702 2529 1766 Rau.
2586 1705 2770 1766 1118.

578 1810 723 1873 266.
770 1809 879 1874 τὸν
942 1810 1274 1893 αὐτόχειρα
1337 1816 1450 1874 τοῦ
1514 1809 1754 1893 φόνου]
1824 1808 1910 1873 Cf.
1960 1812 2107 1873 231.
2164 1810 2259 1874 ΕΙ.
2311 1812 2455 1873 955.
2510 1809 2618 1874 τὸν
2665 1810 2846 1874 αὐτό-

399 1924 575 1983 χειρα
620 1901 925 1981 πατρῴου
973 1899 1197 1982 φόνου.
1264 1901 1414 1963 Ant.
1466 1900 1610 1962 306.
1675 1900 1786 1963 τὸν
1840 1900 2174 1982 αὐτόχειρα
2229 1899 2415 1963 τοῦδε
2469 1906 2581 1963 τοῦ
2626 1901 2851 1982 τάφου.

400 1990 631 2075 Adesp.
677 1990 755 2054 σὺ
805 1991 862 2052 δ’
909 1990 1201 2072 αὐτόχειρ
1249 2013 1319 2071 γε
1361 1988 1628 2071 μητρὸς,
1677 1991 1718 2071 ἤ
1765 1989 1823 2052 σ’
1870 1991 2161 2071 ἐγείνατο.

578 2099 722 2161 267.
770 2105 863 2179 τῷ
909 2096 1027 2181 -]
1075 2095 1218 2160 For
1262 2098 1368 2176 (in
1417 2096 1674 2159 behalf
1716 2097 1817 2178 of)
1864 2102 1977 2159 etc.
2056 2094 2161 2159 Sic
2209 2097 2306 2177 Aj.
2361 2096 2546 2159 1045.
2595 2094 2654 2178 ᾤ
2702 2094 2854 2179 (for

401 2187 688 2267 whom).
834 2186 1221 2269 Λαβδακείῳ
1276 2185 1483 2269 παιδὶ]
1551 2185 1640 2249 Cf.
1693 2187 1882 2248 1216.
1948 2184 2216 2268 Λαϊήϊον
2260 2186 2496 2248 τέκνον.
2559 2185 2655 2247 Tr.
2706 2188 2851 2249 913.

397 2276 505 2339 τὸν
542 2274 920 2356 Ἡράκλειον
965 2276 1281 2357 θάλαμον.
1341 2275 1485 2339 916.
1536 2274 1810 2357 δεμνίοις
1855 2281 1983 2346 τοῖς
2019 2273 2429 2356 Ἡρακλείοις.
2496 2276 2680 2338 1059.
2728 2276 2851 2357 θή-

399 2389 565 2446 ρειος
608 2367 734 2448 βία.
805 2365 990 2428 1219.
1055 2366 1168 2447 τὴν
1231 2364 1572 2446 Εὐρυτείαν
1620 2402 1702 2410 --
1752 2365 2098 2446 παρθένον.
2162 2366 2260 2427 51.
2316 2365 2429 2446 τὴν
2476 2362 2854 2445 Ἡράκλειον

398 2456 641 2528 ἔξοδον.
691 2454 784 2516 ΕΙ.
840 2455 980 2517 182.
1027 2460 1175 2523 παῒς
1212 2453 1767 2535 Ἀγαμεμνονίδας.
1821 2455 2008 2516 1117.
2055 2459 2184 2517 τῶν
2204 2452 2580 2536 Ὀρεστείων
2610 2459 2852 2516 κακῶν.

402 2545 549 2608 570.
595 2542 839 2626 Λητῴα
886 2543 1068 2626 κόρη.
1135 2544 1234 2625 Aj.
1292 2546 1431 2606 134.
1503 2542 1864 2623 Τελαμώνιε
1909 2549 2039 2606 παῖ.
2107 2544 2253 2605 801.
2309 2549 2420 2606 τοῦ
2476 2541 2852 2623 Θεστορείου

395 2634 699 2716 μάντεως.
768 2637 914 2696 Ant.
971 2634 1155 2697 1115.
1225 2632 1550 2715 Καδμείας
1615 2634 1889 2716 νύμφας.
1966 2631 2062 2695 Fr.
2118 2635 2258 2696 153.
2332 2632 2440 2696 τὸν
2496 2634 2854 2697 Ἀστάκειον

396 2723 610 2786 παῖδα.
657 2724 885 2787 Aesch.
933 2722 1142 2787 Prom.
1192 2725 1337 2786 578.
1386 2721 1444 2786 ὦ
1490 2723 1725 2805 Κρόνιε
1770 2729 1898 2785 παῖ.
1956 2721 2106 2785 Eur.
2141 2721 2244 2785 Or.
2283 2724 2471 2786 1512.
2518 2724 2556 2804 ἡ
2611 2721 2851 2786 Τυνδά-

401 2836 568 2893 ρειος
612 2818 775 2883 παῖς.
826 2813 970 2875 374.
1017 2818 1128 2893 τῆς
1177 2811 1562 2893 Τυνδαρείας
1607 2812 1943 2894 θυγατρός.
1992 2811 2133 2874 Hel.
2188 2813 2329 2875 136.
2379 2813 2440 2875 οἱ
2489 2810 2854 2894 Τυνδάρειοι

398 2902 599 2983 κόροι.
647 2901 778 2985 Iph.
826 2901 888 2964 Τ.
942 2904 996 2965 5.
1042 2901 1179 2965 Tro.
1232 2903 1375 2965 770.
1433 2900 1491 2964 ῶ
1542 2900 1925 3013 Τυνδάρειον
1980 2902 2178 2982 ἔρνος.
2238 2901 2421 2965 Rhes.
2473 2903 2618 2963 255.
2667 2903 2852 2983 Ἀγα-

394 2990 1385 3161 ἵὲἕέῗνῖῗιῖοᾷρῗεταὼαῖῗέἒειῗξ.
1415 2992 1560 3143 511ιῖ
1600 2991 2648 3161 ρῗρῗὲἒῖφεῶἶῖὀέἶῖῗῶαᾳὲἒέῗ
2666 2990 2853 3143 11ῗᾶἶῖ

396 3170 467 3233 Il.
515 3174 585 3251 4,
634 3170 779 3232 367.
845 3168 1219 3251 Καπανήϊος
1291 3169 1441 3239 υἱός.
1519 3168 1632 3232 Od.
1684 3172 1752 3252 3,
1800 3169 1946 3232 264.
2037 3169 2538 3251 Ἀγαμεμνονίην
2601 3168 2853 3250 ἄλοχον.

397 3257 576 3323 Iliad.
623 3279 793 3341 parv,
841 3257 941 3320 Fr.
995 3259 1091 3321 16.
1139 3257 1482 3340 Ἑκτορέην
1537 3259 1790 3340 ἄλοχον.
1850 3258 2033 3322 Pind.
2082 3256 2177 3320 ΟΙ.
2228 3256 2306 3319 ΙΙ.
2362 3261 2459 3319 13.
2518 3254 2576 3319 (ἶ)
2624 3257 2856 3338 Κρόνιε

396 3355 516 3410 παῖ
546 3347 738 3417 Ῥέας.
796 3346 977 3410 Pind.
1029 3347 1096 3410 P.
1144 3348 1223 3411 II.
1275 3349 1375 3410 34.
1440 3345 1499 3411 ὦ
1546 3348 1935 3429 Δεινομένειε
1997 3353 2126 3410 παῖ.
2196 3346 2432 3409 Mosch.
2484 3346 2573 3409 Id.
2621 3345 2701 3409 II.
2753 3349 2852 3408 53.

395 3437 653 3518 πόρτιος
689 3436 974 3519 Ἰναχίης.
1023 3436 1259 3501 Herod.
1295 3437 1346 3496 V
1405 3439 1504 3500 59.
1552 3435 1710 3499 κατὰ
1747 3436 1949 3500 Λάϊον
1992 3435 2101 3498 τὸν
2147 3434 2504 3518 Λαβδάκου
2553 3441 2665 3498 τοῦ
2712 3434 2851 3498 Πο-

396 3525 695 3607 λυδώρου
759 3532 870 3589 τοῦ
936 3525 1231 3607 Κάδμου.
1300 3526 1472 3609 Virg.
1521 3527 1679 3590 Aen.
1730 3525 1871 3589 VII.
1926 3529 1978 3588 l.
2046 3525 2318 3588 ‘Aeneia
2365 3523 2622 3588 nutrix!
2671 3523 2853 3587 Ovid.

397 3614 543 3678 Met.
594 3614 774 3679 XIII.
825 3617 928 3678 45.
978 3615 1315 3679 ‘Poeantia
1361 3615 1606 3698 proles!
1773 3612 2192 3697 κατεύχομαι]
2243 3613 2647 3697 Impreoor.
2713 3613 2762 3676 I.
2796 3635 2853 3696 q.

396 3709 790 3787 καταρῶμαι.
857 3705 944 3768 Cf.
995 3704 1067 3768 Ο.
1101 3704 1167 3769 C.
1221 3706 1407 3768 1575.
1541 3727 1629 3773 τις
1676 3703 1793 3787 εἷς]
1843 3702 1932 3766 Cf.
1988 3705 2128 3767 118.
2177 3704 2324 3766 Ant.
2368 3704 2512 3766 269.
2560 3704 2719 3784 λέγει
2766 3727 2853 3772 τις

398 3793 483 3863 εἷς
519 3829 624 3855 -.
674 3795 929 3878 Antiph.
977 3812 1134 3857 com.
1181 3792 1295 3857 III.
1346 3794 1446 3857 95.
1512 3799 1731 3876 φακῆν
1772 3793 1781 3876 Ι
1823 3794 1999 3874 ἕψειν
2058 3792 2130 3874 μ’
2187 3792 2480 3856 ἐδίδασκε
2534 3797 2664 3856 τῶν
2720 3792 2850 3854 ἐπι-

396 3882 657 3965 χωρίων
700 3907 789 3953 τις
834 3883 936 3954 εἷς.

577 3989 721 4053 268.
769 3996 880 4054 τοῦ
926 3991 1177 4072 πρόσθε
1227 3989 1525 4074 Κάδμου]
1593 3989 1685 4053 Of.
1736 3991 1883 4053 851.
1947 3993 2058 4053 τοῦ
2123 3988 2410 4070 πρόσθεν
2465 3988 2676 4070 λόγου.
2736 3987 2852 4050 Ph.

401 4079 588 4142 1151.
638 4079 749 4142 τὰν
794 4080 1083 4162 πρόσθεν
1127 4081 1367 4163 βελέων
1414 4079 1630 4143 ἀλκάν.

576 4188 706 4249 269
739 4205 830 4269 sq.
879 4185 967 4250 Of.
1016 4189 1099 4250 25
1134 4208 1223 4270 sq.

576 4277 723 4339 269.
770 4282 960 4340 ταῦτα
1008 4283 1134 4346 τοῖς
1178 4276 1268 4359 μὴ
1320 4275 1579 4359 δρῶσιν]
1630 4275 1721 4338 Cf.
1777 4276 1921 4339 Ant.
1959 4275 2102 4338 706.
2154 4276 2250 4357 Aj.
2302 4275 2485 4337 1007.
2536 4271 2683 4335 Eur.
2717 4272 2853 4335 Ion.

398 4366 544 4427 324.
592 4366 850 4429 τάλαινά
898 4366 954 4430 σ’
1003 4368 1041 4448 ἡ
1090 4372 1376 4429 τεκοῦσα.
1428 4366 1574 4429 671.
1629 4365 1699 4446 μ’
1750 4366 1787 4446 ἡ
1835 4370 2122 4427 τεκοῦσα.
2173 4363 2371 4427 Andr.
2421 4364 2522 4424 25.
2588 4360 2854 4445 Θρῄκην

394 4454 557 4536 χιόνι
602 4455 715 4537 τὴν
760 4457 1172 4537 κατάρρυτον.
1231 4454 1465 4518 Herod.
1513 4454 1629 4517 Ill.
1680 4456 1780 4516 65.
1839 4454 1946 4516 καὶ
2001 4459 2192 4515 ταῦτα
2247 4453 2366 4534 μὲν
2411 4457 2655 4515 ποιεῦσι
2707 4451 2856 4532 ὑμῖν

397 4549 478 4627 γῆ
524 4567 589 4607 τε
633 4545 886 4627 καρπὸν
933 4545 1221 4628 ἐκφέροι,
1278 4544 1384 4607 καὶ
1431 4544 1719 4626 γυναῖκές
1774 4566 1838 4605 τε
1891 4543 1997 4606 καὶ
2042 4543 2303 4625 ποίμνια
2348 4542 2627 4614 τίκτοιεν,
2683 4540 2856 4604 ἐοῦσι
