<?xml version="1.0" encoding="UTF-8"?>
<!DOCTYPE html PUBLIC "-//W3C//DTD XHTML 1.0 Transitional//EN"
    "http://www.w3.org/TR/xhtml1/DTD/xhtml1-transitional.dtd">
<html xmlns="http://www.w3.org/1999/xhtml" xml:lang="en" lang="en">
 <head>
  <title>
</title>
<meta http-equiv="Content-Type" content="text/html;charset=utf-8" />
  <meta name='ocr-system' content='tesseract 3.04.00' />
  <meta name='ocr-capabilities' content='ocr_page ocr_carea ocr_par ocr_line ocrx_word'/>
</head>
<body>
  <div class='ocr_page' id='page_1' title='image "./spicilegiumsoph01blaygoog_0347.png"; bbox 0 0 3463 5287; ppageno 0'>
   <div class='ocr_carea' id='block_1_1' title="bbox 1370 421 2803 493">
    <p class='ocr_par' dir='ltr' id='par_1_1' title="bbox 1370 421 2803 493">
     <span class='ocr_line' id='line_1_1' title="bbox 1370 421 2803 493; baseline -0.001 -1"><span class='ocrx_word' id='word_1_1' title='bbox 1370 446 1621 493; x_wconf 68' lang='lat' dir='ltr'><strong><em>onmpns</em></strong></span> <span class='ocrx_word' id='word_1_2' title='bbox 1666 448 1790 493; x_wconf 66' lang='lat' dir='ltr'><strong><em>mcx</em></strong></span> <span class='ocrx_word' id='word_1_3' title='bbox 2676 421 2803 491; x_wconf 69' lang='lat'><strong><em>33²5</em></strong></span> 
     </span>
    </p>
   </div>
   <div class='ocr_carea' id='block_1_2' title="bbox 349 604 2809 869">
    <p class='ocr_par' dir='ltr' id='par_1_2' title="bbox 349 604 2809 869">
     <span class='ocr_line' id='line_1_2' title="bbox 349 604 2804 690; baseline 0 -22"><span class='ocrx_word' id='word_1_4' title='bbox 349 607 475 670; x_wconf 90' lang='grc' dir='ltr'><strong><em>τόν.</em></strong></span> <span class='ocrx_word' id='word_1_5' title='bbox 525 608 626 669; x_wconf 82' lang='grc'><strong><em>54.</em></strong></span> <span class='ocrx_word' id='word_1_6' title='bbox 673 604 792 669; x_wconf 85' lang='grc' dir='ltr'><strong><em>ΙΧ.</em></strong></span> <span class='ocrx_word' id='word_1_7' title='bbox 843 607 943 669; x_wconf 95' lang='grc'><strong><em>71.</em></strong></span> <span class='ocrx_word' id='word_1_8' title='bbox 1001 606 1331 670; x_wconf 85' lang='grc' dir='ltr'><strong><em>ἀπέθανον</em></strong></span> <span class='ocrx_word' id='word_1_9' title='bbox 1377 606 1440 669; x_wconf 80' lang='grc' dir='ltr'><strong><em>οἶ</em></strong></span> <span class='ocrx_word' id='word_1_10' title='bbox 1480 605 1708 676; x_wconf 87' lang='grc' dir='ltr'><strong><em>πάντες</em></strong></span> <span class='ocrx_word' id='word_1_11' title='bbox 1741 642 1824 653; x_wconf 94' lang='grc'><strong><em>--</em></strong></span> <span class='ocrx_word' id='word_1_12' title='bbox 1859 605 1944 676; x_wconf 79' lang='grc' dir='ltr'><strong><em>εἷς</em></strong></span> <span class='ocrx_word' id='word_1_13' title='bbox 1989 606 2097 670; x_wconf 78' lang='grc' dir='ltr'><strong><em>καὶ</em></strong></span> <span class='ocrx_word' id='word_1_14' title='bbox 2141 606 2567 690; x_wconf 69' lang='grc' dir='ltr'><strong><em>ἐννενήκοντα.</em></strong></span> <span class='ocrx_word' id='word_1_15' title='bbox 2614 606 2804 671; x_wconf 82' lang='lat' dir='ltr'><strong>Thuo.</strong></span> 
     </span>
     <span class='ocr_line' id='line_1_3' title="bbox 349 694 2809 780; baseline 0 -22"><span class='ocrx_word' id='word_1_16' title='bbox 349 694 400 758; x_wconf 91' lang='grc' dir='ltr'><strong><em>Ι.</em></strong></span> <span class='ocrx_word' id='word_1_17' title='bbox 451 695 553 759; x_wconf 88' lang='grc'><strong><em>60.</em></strong></span> <span class='ocrx_word' id='word_1_18' title='bbox 618 696 989 769; x_wconf 79' lang='grc' dir='ltr'><strong><em>ἑξακοσίους</em></strong></span> <span class='ocrx_word' id='word_1_19' title='bbox 1051 695 1159 759; x_wconf 78' lang='grc' dir='ltr'><strong><em>καὶ</em></strong></span> <span class='ocrx_word' id='word_1_20' title='bbox 1221 695 1455 778; x_wconf 77' lang='grc' dir='ltr'><strong><em>χιλίους</em></strong></span> <span class='ocrx_word' id='word_1_21' title='bbox 1516 694 1664 766; x_wconf 88' lang='grc' dir='ltr'><strong><em>τοὺς</em></strong></span> <span class='ocrx_word' id='word_1_22' title='bbox 1707 695 1962 766; x_wconf 84' lang='grc' dir='ltr'><strong><em>πάντας.</em></strong></span> <span class='ocrx_word' id='word_1_23' title='bbox 2026 694 2140 759; x_wconf 93' lang='lat' dir='ltr'><strong>III.</strong></span> <span class='ocrx_word' id='word_1_24' title='bbox 2192 697 2291 759; x_wconf 84' lang='lat'><strong><em>92.</em></strong></span> <span class='ocrx_word' id='word_1_25' title='bbox 2345 698 2397 759; x_wconf 93' lang='lat'><strong>1.</strong></span> <span class='ocrx_word' id='word_1_26' title='bbox 2444 695 2701 780; x_wconf 81' lang='grc' dir='ltr'><strong><em>Μηλιῆς</em></strong></span> <span class='ocrx_word' id='word_1_27' title='bbox 2746 697 2809 760; x_wconf 77' lang='grc' dir='ltr'><strong><em>οἱ</em></strong></span> 
     </span>
     <span class='ocr_line' id='line_1_4' title="bbox 351 783 2807 869; baseline 0 -21"><span class='ocrx_word' id='word_1_28' title='bbox 351 785 688 867; x_wconf 81' lang='grc' dir='ltr'><strong><em>ξύμταντές</em></strong></span> <span class='ocrx_word' id='word_1_29' title='bbox 734 785 847 848; x_wconf 83' lang='grc' dir='ltr'><strong><em>εἶσι</em></strong></span> <span class='ocrx_word' id='word_1_30' title='bbox 890 784 1011 868; x_wconf 81' lang='grc' dir='ltr'><strong><em>μὲν</em></strong></span> <span class='ocrx_word' id='word_1_31' title='bbox 1054 785 1189 869; x_wconf 91' lang='grc' dir='ltr'><strong><em>τρία</em></strong></span> <span class='ocrx_word' id='word_1_32' title='bbox 1235 786 1400 867; x_wconf 86' lang='grc' dir='ltr'><strong><em>μέρη</em></strong></span> <span class='ocrx_word' id='word_1_33' title='bbox 1415 831 1429 858; x_wconf 85' lang='grc'><em>,</em></span> <span class='ocrx_word' id='word_1_34' title='bbox 1476 785 1603 848; x_wconf 88' lang='grc' dir='ltr'><strong><em>κτλ.</em></strong></span> <span class='ocrx_word' id='word_1_35' title='bbox 1661 783 1771 847; x_wconf 91' lang='lat' dir='ltr'><strong><em>IV.</em></strong></span> <span class='ocrx_word' id='word_1_36' title='bbox 1822 786 1922 849; x_wconf 86' lang='lat'><strong>38.</strong></span> <span class='ocrx_word' id='word_1_37' title='bbox 1970 785 2165 850; x_wconf 81' lang='grc' dir='ltr'><strong><em>εἴκοσι</em></strong></span> <span class='ocrx_word' id='word_1_38' title='bbox 2214 824 2296 833; x_wconf 96' lang='lat'><strong><em>—-</em></strong></span> <span class='ocrx_word' id='word_1_39' title='bbox 2346 785 2645 869; x_wconf 77' lang='grc' dir='ltr'><strong><em>διέβησαν</em></strong></span> <span class='ocrx_word' id='word_1_40' title='bbox 2698 785 2807 849; x_wconf 80' lang='grc' dir='ltr'><strong><em>καὶ</em></strong></span> 
     </span>
    </p>
   </div>
   <div class='ocr_carea' id='block_1_3' title="bbox 213 872 2806 958">
    <p class='ocr_par' dir='ltr' id='par_1_3' title="bbox 213 872 2806 958">
     <span class='ocr_line' id='line_1_5' title="bbox 213 872 2806 958; baseline 0.001 -21"><span class='ocrx_word' id='word_1_41' title='bbox 213 923 226 937; x_wconf 92' lang='grc'><strong><em>.</em></strong></span> <span class='ocrx_word' id='word_1_42' title='bbox 357 873 736 957; x_wconf 76' lang='grc' dir='ltr'><strong><em>τετρακόσιοι</em></strong></span> <span class='ocrx_word' id='word_1_43' title='bbox 783 876 845 937; x_wconf 80' lang='grc' dir='ltr'><strong><em>οἱ</em></strong></span> <span class='ocrx_word' id='word_1_44' title='bbox 887 875 1130 946; x_wconf 83' lang='grc' dir='ltr'><strong><em>πάντες.</em></strong></span> <span class='ocrx_word' id='word_1_45' title='bbox 1179 872 1355 938; x_wconf 88' lang='lat' dir='ltr'><strong>VIII.</strong></span> <span class='ocrx_word' id='word_1_46' title='bbox 1409 874 1550 938; x_wconf 88' lang='grc'><strong>100.</strong></span> <span class='ocrx_word' id='word_1_47' title='bbox 1606 875 1673 937; x_wconf 81' lang='grc' dir='ltr'><strong><em>αῖ</em></strong></span> <span class='ocrx_word' id='word_1_48' title='bbox 1714 879 1912 938; x_wconf 84' lang='grc' dir='ltr'><strong><em>πᾶσαι</em></strong></span> <span class='ocrx_word' id='word_1_49' title='bbox 1957 880 2103 958; x_wconf 87' lang='grc' dir='ltr'><strong><em>νῆες</em></strong></span> <span class='ocrx_word' id='word_1_50' title='bbox 2145 881 2444 958; x_wconf 87' lang='grc' dir='ltr'><strong><em>παρῆσαν</em></strong></span> <span class='ocrx_word' id='word_1_51' title='bbox 2498 874 2651 938; x_wconf 77' lang='grc' dir='ltr'><strong><em>ἑπτὰ</em></strong></span> <span class='ocrx_word' id='word_1_52' title='bbox 2699 874 2806 939; x_wconf 83' lang='grc' dir='ltr'><strong><em>καὶ</em></strong></span> 
     </span>
    </p>
   </div>
   <div class='ocr_carea' id='block_1_4' title="bbox 347 961 2809 1763">
    <p class='ocr_par' dir='ltr' id='par_1_4' title="bbox 347 961 2809 1763">
     <span class='ocr_line' id='line_1_6' title="bbox 351 961 2802 1048; baseline 0 -21"><span class='ocrx_word' id='word_1_53' title='bbox 351 964 678 1046; x_wconf 74' lang='grc' dir='ltr'><strong><em>ἑξήκοντα.</em></strong></span> <span class='ocrx_word' id='word_1_54' title='bbox 725 961 894 1027; x_wconf 79' lang='lat' dir='ltr'><strong>Xon.</strong></span> <span class='ocrx_word' id='word_1_55' title='bbox 941 962 1107 1029; x_wconf 82' lang='lat' dir='ltr'><strong>Hell.</strong></span> <span class='ocrx_word' id='word_1_56' title='bbox 1148 962 1207 1047; x_wconf 82' lang='grc'><strong>6,</strong></span> <span class='ocrx_word' id='word_1_57' title='bbox 1240 966 1300 1046; x_wconf 78' lang='grc'><strong>2,</strong></span> <span class='ocrx_word' id='word_1_58' title='bbox 1337 965 1434 1026; x_wconf 86' lang='grc'><strong><em>14.</em></strong></span> <span class='ocrx_word' id='word_1_59' title='bbox 1483 964 1770 1045; x_wconf 78' lang='grc' dir='ltr'><strong><em>ἐγένοντο</em></strong></span> <span class='ocrx_word' id='word_1_60' title='bbox 1817 964 1991 1046; x_wconf 82' lang='grc' dir='ltr'><strong><em>αὐτῷ</em></strong></span> <span class='ocrx_word' id='word_1_61' title='bbox 2038 965 2104 1027; x_wconf 77' lang='grc' dir='ltr'><strong><em>αἱ</em></strong></span> <span class='ocrx_word' id='word_1_62' title='bbox 2147 964 2385 1029; x_wconf 80' lang='grc' dir='ltr'><strong><em>ἅπασαι</em></strong></span> <span class='ocrx_word' id='word_1_63' title='bbox 2429 964 2573 1047; x_wconf 78' lang='grc' dir='ltr'><strong><em>περὶ</em></strong></span> <span class='ocrx_word' id='word_1_64' title='bbox 2616 964 2802 1048; x_wconf 80' lang='grc' dir='ltr'><strong><em>ἑβδο-</em></strong></span> 
     </span>
     <span class='ocr_line' id='line_1_7' title="bbox 347 1049 2805 1138; baseline 0 -23"><span class='ocrx_word' id='word_1_65' title='bbox 347 1053 654 1136; x_wconf 83' lang='grc' dir='ltr'><strong><em>μήκοντα.</em></strong></span> <span class='ocrx_word' id='word_1_66' title='bbox 701 1049 881 1117; x_wconf 82' lang='lat' dir='ltr'><strong>Dem.</strong></span> <span class='ocrx_word' id='word_1_67' title='bbox 926 1072 984 1137; x_wconf 92' lang='lat' dir='ltr'><strong><em>p.</em></strong></span> <span class='ocrx_word' id='word_1_68' title='bbox 1020 1052 1167 1136; x_wconf 87' lang='lat'><strong>306,</strong></span> <span class='ocrx_word' id='word_1_69' title='bbox 1200 1054 1302 1116; x_wconf 87' lang='grc'><strong><em>21.</em></strong></span> <span class='ocrx_word' id='word_1_70' title='bbox 1347 1053 1729 1135; x_wconf 80' lang='grc' dir='ltr'><strong><em>τριακοσίων</em></strong></span> <span class='ocrx_word' id='word_1_71' title='bbox 1776 1053 1991 1117; x_wconf 83' lang='grc' dir='ltr'><strong><em>οὐσῶν</em></strong></span> <span class='ocrx_word' id='word_1_72' title='bbox 2035 1058 2164 1117; x_wconf 92' lang='grc' dir='ltr'><strong><em>τῶν</em></strong></span> <span class='ocrx_word' id='word_1_73' title='bbox 2207 1059 2437 1118; x_wconf 85' lang='grc' dir='ltr'><strong><em>πασῶν</em></strong></span> <span class='ocrx_word' id='word_1_74' title='bbox 2469 1054 2805 1138; x_wconf 89' lang='grc' dir='ltr'><strong><em>(τριήρων).</em></strong></span> 
     </span>
     <span class='ocr_line' id='line_1_8' title="bbox 352 1141 2804 1226; baseline 0 -21"><span class='ocrx_word' id='word_1_75' title='bbox 352 1142 605 1205; x_wconf 83' lang='lat' dir='ltr'><strong>Arrian.</strong></span> <span class='ocrx_word' id='word_1_76' title='bbox 654 1141 860 1206; x_wconf 79' lang='lat' dir='ltr'><strong>Anah.</strong></span> <span class='ocrx_word' id='word_1_77' title='bbox 909 1142 1020 1205; x_wconf 91' lang='lat' dir='ltr'><strong><em>VI.</em></strong></span> <span class='ocrx_word' id='word_1_78' title='bbox 1069 1144 1126 1205; x_wconf 88' lang='grc'><strong><em>2.</em></strong></span> <span class='ocrx_word' id='word_1_79' title='bbox 1178 1143 1233 1205; x_wconf 91' lang='grc'><strong><em>1.</em></strong></span> <span class='ocrx_word' id='word_1_80' title='bbox 1289 1142 1442 1206; x_wconf 79' lang='grc' dir='ltr'><strong><em>ἑπτὰ</em></strong></span> <span class='ocrx_word' id='word_1_81' title='bbox 1497 1141 1618 1224; x_wconf 84' lang='grc' dir='ltr'><strong><em>μὲν</em></strong></span> <span class='ocrx_word' id='word_1_82' title='bbox 1664 1142 1877 1207; x_wconf 73' lang='grc' dir='ltr'><strong><em>ἐθνῶν</em></strong></span> <span class='ocrx_word' id='word_1_83' title='bbox 1930 1147 2059 1206; x_wconf 90' lang='grc' dir='ltr'><strong><em>τῶν</em></strong></span> <span class='ocrx_word' id='word_1_84' title='bbox 2105 1144 2507 1226; x_wconf 78' lang='grc' dir='ltr'><strong><em>ξυμπάντων.</em></strong></span> <span class='ocrx_word' id='word_1_85' title='bbox 2555 1144 2804 1207; x_wconf 82' lang='lat' dir='ltr'><strong>Arrian.</strong></span> 
     </span>
     <span class='ocr_line' id='line_1_9' title="bbox 350 1230 2804 1317; baseline 0.001 -23"><span class='ocrx_word' id='word_1_86' title='bbox 350 1230 488 1294; x_wconf 87' lang='lat' dir='ltr'><strong>Ind.</strong></span> <span class='ocrx_word' id='word_1_87' title='bbox 536 1232 642 1313; x_wconf 84' lang='lat'><strong><em>43,</em></strong></span> <span class='ocrx_word' id='word_1_88' title='bbox 694 1234 748 1295; x_wconf 94' lang='lat'><strong>1.</strong></span> <span class='ocrx_word' id='word_1_89' title='bbox 813 1232 851 1295; x_wconf 82' lang='grc' dir='ltr'><strong><em>δ</em></strong></span> <span class='ocrx_word' id='word_1_90' title='bbox 895 1232 1096 1302; x_wconf 80' lang='grc' dir='ltr'><strong><em>πλοῦς</em></strong></span> <span class='ocrx_word' id='word_1_91' title='bbox 1159 1232 1336 1314; x_wconf 78' lang='grc' dir='ltr'><strong><em>αὐτῷ</em></strong></span> <span class='ocrx_word' id='word_1_92' title='bbox 1391 1233 1633 1314; x_wconf 71' lang='grc' dir='ltr'><strong><em>ἐγένετο</em></strong></span> <span class='ocrx_word' id='word_1_93' title='bbox 1686 1230 1797 1302; x_wconf 80' lang='grc' dir='ltr'><strong><em>τὰς</em></strong></span> <span class='ocrx_word' id='word_1_94' title='bbox 1840 1233 2052 1302; x_wconf 88' lang='grc' dir='ltr'><strong><em>πάσας</em></strong></span> <span class='ocrx_word' id='word_1_95' title='bbox 2095 1234 2277 1297; x_wconf 86' lang='grc' dir='ltr'><strong><em>πέντε</em></strong></span> <span class='ocrx_word' id='word_1_96' title='bbox 2321 1233 2429 1297; x_wconf 82' lang='grc' dir='ltr'><strong><em>καὶ</em></strong></span> <span class='ocrx_word' id='word_1_97' title='bbox 2472 1234 2804 1317; x_wconf 85' lang='grc' dir='ltr'><strong><em>τριήκοντα</em></strong></span> 
     </span>
     <span class='ocr_line' id='line_1_10' title="bbox 351 1320 2809 1494; baseline 0.002 -22"><span class='ocrx_word' id='word_1_98' title='bbox 351 1321 611 1472; x_wconf 52' lang='grc' dir='ltr'><strong><em>τέρας-</em></strong></span> <span class='ocrx_word' id='word_1_99' title='bbox 662 1322 718 1384; x_wconf 65' lang='lat'><strong><em>5·</em></strong></span> <span class='ocrx_word' id='word_1_100' title='bbox 765 1321 834 1384; x_wconf 50' lang='grc' dir='ltr'><strong><em>ἓν</em></strong></span> <span class='ocrx_word' id='word_1_101' title='bbox 878 1322 1219 1494; x_wconf 48' lang='grc' dir='ltr'><strong><em>ινιτ.</em></strong></span> <span class='ocrx_word' id='word_1_102' title='bbox 1231 1320 1431 1475; x_wconf 55' lang='lat'><strong>⁶2⁶2.</strong></span> <span class='ocrx_word' id='word_1_103' title='bbox 1447 1322 1941 1476; x_wconf 53' lang='lat' dir='ltr'><strong>imm.</strong></span> <span class='ocrx_word' id='word_1_104' title='bbox 1977 1322 2183 1476; x_wconf 49' lang='grc' dir='ltr'><strong><em>διε·</em></strong></span> <span class='ocrx_word' id='word_1_105' title='bbox 2219 1323 2809 1476; x_wconf 55' lang='lat' dir='ltr'><strong><em>ww</em></strong></span> 
     </span>
     <span class='ocr_line' id='line_1_11' title="bbox 350 1410 2805 1584; baseline 0.002 -23"><span class='ocrx_word' id='word_1_106' title='bbox 350 1410 1449 1569; x_wconf 40' lang='lat' dir='ltr'><strong><em>Zaitssfffi‘isshssnfffiffienfm</em></strong></span> <span class='ocrx_word' id='word_1_107' title='bbox 1500 1502 1626 1565; x_wconf 83' lang='lat'><strong><em>582</em></strong></span> <span class='ocrx_word' id='word_1_108' title='bbox 1660 1460 1731 1565; x_wconf 61' lang='grc' dir='ltr'><strong>ἑ.</strong></span> <span class='ocrx_word' id='word_1_109' title='bbox 1787 1500 1861 1564; x_wconf 65' lang='grc' dir='ltr'><strong><em>τὰ</em></strong></span> <span class='ocrx_word' id='word_1_110' title='bbox 1914 1462 2096 1564; x_wconf 56' lang='grc' dir='ltr'><strong><em>,ἐάντ’</em></strong></span> <span class='ocrx_word' id='word_1_111' title='bbox 2150 1460 2363 1584; x_wconf 54' lang='grc' dir='ltr'><strong><em>ἰνχουιιζ</em></strong></span> <span class='ocrx_word' id='word_1_112' title='bbox 2409 1463 2633 1584; x_wconf 55' lang='grc' dir='ltr'><strong><em>ὀῷάρια</em></strong></span> <span class='ocrx_word' id='word_1_113' title='bbox 2679 1467 2805 1566; x_wconf 65' lang='grc' dir='ltr'><strong><em>κα.</em></strong></span> 
     </span>
     <span class='ocr_line' id='line_1_12' title="bbox 352 1587 2805 1673; baseline 0.002 -21"><span class='ocrx_word' id='word_1_114' title='bbox 352 1589 491 1652; x_wconf 85' lang='lat' dir='ltr'><strong>Act.</strong></span> <span class='ocrx_word' id='word_1_115' title='bbox 549 1589 767 1673; x_wconf 82' lang='lat' dir='ltr'><strong>Apost.</strong></span> <span class='ocrx_word' id='word_1_116' title='bbox 821 1587 1008 1653; x_wconf 89' lang='lat' dir='ltr'><strong>XIX.</strong></span> <span class='ocrx_word' id='word_1_117' title='bbox 1061 1590 1116 1651; x_wconf 92' lang='grc'><strong><em>7.</em></strong></span> <span class='ocrx_word' id='word_1_118' title='bbox 1190 1588 1353 1672; x_wconf 87' lang='grc' dir='ltr'><strong><em>ἦσαν</em></strong></span> <span class='ocrx_word' id='word_1_119' title='bbox 1427 1588 1498 1653; x_wconf 81' lang='grc' dir='ltr'><strong><em>δὲ</em></strong></span> <span class='ocrx_word' id='word_1_120' title='bbox 1567 1591 1628 1653; x_wconf 80' lang='grc' dir='ltr'><strong><em>οἱ</em></strong></span> <span class='ocrx_word' id='word_1_121' title='bbox 1697 1589 1926 1661; x_wconf 90' lang='grc' dir='ltr'><strong><em>πάντες</em></strong></span> <span class='ocrx_word' id='word_1_122' title='bbox 1997 1590 2226 1673; x_wconf 81' lang='grc' dir='ltr'><strong><em>ἄνδρες</em></strong></span> <span class='ocrx_word' id='word_1_123' title='bbox 2294 1590 2446 1654; x_wconf 82' lang='grc' dir='ltr'><strong><em>ὡσεὶ</em></strong></span> <span class='ocrx_word' id='word_1_124' title='bbox 2511 1591 2805 1656; x_wconf 79' lang='grc' dir='ltr'><strong><em>δεκαδύο.</em></strong></span> 
     </span>
     <span class='ocr_line' id='line_1_13' title="bbox 353 1675 2806 1763; baseline 0.001 -23"><span class='ocrx_word' id='word_1_125' title='bbox 353 1675 632 1742; x_wconf 85' lang='lat' dir='ltr'><strong>XXVII.</strong></span> <span class='ocrx_word' id='word_1_126' title='bbox 683 1680 783 1742; x_wconf 86' lang='grc'><strong><em>37.</em></strong></span> <span class='ocrx_word' id='word_1_127' title='bbox 840 1678 1003 1762; x_wconf 86' lang='grc' dir='ltr'><strong><em>ἦμεν</em></strong></span> <span class='ocrx_word' id='word_1_128' title='bbox 1060 1678 1129 1742; x_wconf 85' lang='grc' dir='ltr'><strong><em>δὲ</em></strong></span> <span class='ocrx_word' id='word_1_129' title='bbox 1176 1716 1259 1726; x_wconf 95' lang='grc'><strong><em>--</em></strong></span> <span class='ocrx_word' id='word_1_130' title='bbox 1307 1679 1375 1742; x_wconf 77' lang='grc' dir='ltr'><strong><em>αἱ</em></strong></span> <span class='ocrx_word' id='word_1_131' title='bbox 1417 1684 1614 1743; x_wconf 84' lang='grc' dir='ltr'><strong><em>πᾶσαι</em></strong></span> <span class='ocrx_word' id='word_1_132' title='bbox 1659 1679 1863 1762; x_wconf 80' lang='grc' dir='ltr'><strong><em>ψυχαὶ</em></strong></span> <span class='ocrx_word' id='word_1_133' title='bbox 1920 1679 2229 1744; x_wconf 78' lang='grc' dir='ltr'><strong><em>διακόσιαι</em></strong></span> <span class='ocrx_word' id='word_1_134' title='bbox 2275 1680 2806 1763; x_wconf 79' lang='grc' dir='ltr'><strong><em>ἑβδομηκονταέξ.</em></strong></span> 
     </span>
    </p>
   </div>
   <div class='ocr_carea' id='block_1_5' title="bbox 347 1783 2808 2138">
    <p class='ocr_par' dir='ltr' id='par_1_5' title="bbox 347 1783 2808 2138">
     <span class='ocr_line' id='line_1_14' title="bbox 536 1783 2807 1872; baseline 0.002 -24"><span class='ocrx_word' id='word_1_135' title='bbox 536 1787 682 1849; x_wconf 92' lang='grc'><strong>753.</strong></span> <span class='ocrx_word' id='word_1_136' title='bbox 730 1783 819 1849; x_wconf 85' lang='lat' dir='ltr'><strong><em>Of.</em></strong></span> <span class='ocrx_word' id='word_1_137' title='bbox 867 1785 1054 1850; x_wconf 87' lang='lat' dir='ltr'><strong>Hom.</strong></span> <span class='ocrx_word' id='word_1_138' title='bbox 1103 1785 1217 1851; x_wconf 88' lang='lat' dir='ltr'><strong><em>Od.</em></strong></span> <span class='ocrx_word' id='word_1_139' title='bbox 1270 1787 1326 1869; x_wconf 87' lang='lat'><strong><em>9,</em></strong></span> <span class='ocrx_word' id='word_1_140' title='bbox 1377 1788 1479 1850; x_wconf 84' lang='lat'><strong>89.</strong></span> <span class='ocrx_word' id='word_1_141' title='bbox 1536 1786 1730 1868; x_wconf 81' lang='grc' dir='ltr'><strong><em>ἄνδρε</em></strong></span> <span class='ocrx_word' id='word_1_142' title='bbox 1779 1787 1917 1852; x_wconf 89' lang='grc' dir='ltr'><strong><em>δύω</em></strong></span> <span class='ocrx_word' id='word_1_143' title='bbox 1963 1788 2207 1870; x_wconf 86' lang='grc' dir='ltr'><strong><em>κρίνας,</em></strong></span> <span class='ocrx_word' id='word_1_144' title='bbox 2254 1788 2534 1871; x_wconf 85' lang='grc' dir='ltr'><strong><em>τρίτατον</em></strong></span> <span class='ocrx_word' id='word_1_145' title='bbox 2577 1789 2807 1872; x_wconf 76' lang='grc' dir='ltr'><strong><em>κήρυχ’</em></strong></span> 
     </span>
     <span class='ocr_line' id='line_1_15' title="bbox 353 1873 2807 1960; baseline 0.001 -23"><span class='ocrx_word' id='word_1_146' title='bbox 353 1873 464 1958; x_wconf 81' lang='grc' dir='ltr'><strong><em>ἅμ’</em></strong></span> <span class='ocrx_word' id='word_1_147' title='bbox 522 1875 822 1946; x_wconf 81' lang='grc' dir='ltr'><strong><em>ὀπάσσας.</em></strong></span> <span class='ocrx_word' id='word_1_148' title='bbox 961 1876 1172 1959; x_wconf 84' lang='grc' dir='ltr'><strong><em>ἀπήνη</em></strong></span> <span class='ocrx_word' id='word_1_149' title='bbox 1241 1875 1299 1940; x_wconf 88' lang='grc' dir='ltr'><strong><em>δ’</em></strong></span> <span class='ocrx_word' id='word_1_150' title='bbox 1345 1874 1460 1959; x_wconf 79' lang='grc' dir='ltr'><strong><em>ἦγε</em></strong></span> <span class='ocrx_word' id='word_1_151' title='bbox 1520 1877 1634 1958; x_wconf 85' lang='grc' dir='ltr'><strong><em>μία</em></strong></span> <span class='ocrx_word' id='word_1_152' title='bbox 1698 1876 1808 1940; x_wconf 87' lang='grc' dir='ltr'><strong><em>τὸν</em></strong></span> <span class='ocrx_word' id='word_1_153' title='bbox 1854 1876 2082 1960; x_wconf 84' lang='grc' dir='ltr'><strong><em>Λάϊον]</em></strong></span> <span class='ocrx_word' id='word_1_154' title='bbox 2146 1876 2312 1941; x_wconf 86' lang='lat' dir='ltr'><strong><em>And</em></strong></span> <span class='ocrx_word' id='word_1_155' title='bbox 2382 1878 2595 1942; x_wconf 81' lang='lat' dir='ltr'><strong>there</strong></span> <span class='ocrx_word' id='word_1_156' title='bbox 2662 1897 2807 1941; x_wconf 79' lang='lat' dir='ltr'><strong><em>was</em></strong></span> 
     </span>
     <span class='ocr_line' id='line_1_16' title="bbox 347 1963 2808 2050; baseline 0.002 -23"><span class='ocrx_word' id='word_1_157' title='bbox 347 1982 490 2028; x_wconf 80' lang='lat' dir='ltr'><strong><em>one</em></strong></span> <span class='ocrx_word' id='word_1_158' title='bbox 535 1964 833 2029; x_wconf 85' lang='lat' dir='ltr'><strong><em>ohariot</em></strong></span> <span class='ocrx_word' id='word_1_159' title='bbox 887 1965 1124 2029; x_wconf 82' lang='lat' dir='ltr'><strong>which</strong></span> <span class='ocrx_word' id='word_1_160' title='bbox 1181 1966 1576 2048; x_wconf 78' lang='lat' dir='ltr'>conveyod</span> <span class='ocrx_word' id='word_1_161' title='bbox 1632 1963 1875 2029; x_wconf 81' lang='lat' dir='ltr'><strong>Laius.</strong></span> <span class='ocrx_word' id='word_1_162' title='bbox 1956 1963 2042 2029; x_wconf 82' lang='lat' dir='ltr'><strong><em>Cf.</em></strong></span> <span class='ocrx_word' id='word_1_163' title='bbox 2099 1963 2258 2029; x_wconf 92' lang='lat' dir='ltr'><strong>Phil.</strong></span> <span class='ocrx_word' id='word_1_164' title='bbox 2310 1967 2455 2030; x_wconf 87' lang='grc'><strong>527.</strong></span> <span class='ocrx_word' id='word_1_165' title='bbox 2511 1968 2593 2050; x_wconf 84' lang='grc' dir='ltr'>χή</span> <span class='ocrx_word' id='word_1_166' title='bbox 2652 1972 2808 2036; x_wconf 82' lang='grc' dir='ltr'><strong><em>ναῦς</em></strong></span> 
     </span>
     <span class='ocr_line' id='line_1_17' title="bbox 352 2052 2384 2138; baseline 0.001 -22"><span class='ocrx_word' id='word_1_167' title='bbox 352 2052 473 2136; x_wconf 79' lang='grc' dir='ltr'><strong><em>γὰρ</em></strong></span> <span class='ocrx_word' id='word_1_168' title='bbox 514 2054 661 2128; x_wconf 78' lang='grc' dir='ltr'><strong><em>ἄξει.</em></strong></span> <span class='ocrx_word' id='word_1_169' title='bbox 710 2055 937 2119; x_wconf 82' lang='lat' dir='ltr'><strong>Aesch.</strong></span> <span class='ocrx_word' id='word_1_170' title='bbox 984 2053 1154 2119; x_wconf 79' lang='lat' dir='ltr'><strong>Pers,</strong></span> <span class='ocrx_word' id='word_1_171' title='bbox 1204 2055 1349 2119; x_wconf 88' lang='grc'><strong>560.</strong></span> <span class='ocrx_word' id='word_1_172' title='bbox 1395 2053 1628 2129; x_wconf 78' lang='grc' dir='ltr'><strong><em>πεζοὺς</em></strong></span> <span class='ocrx_word' id='word_1_173' title='bbox 1675 2092 1757 2100; x_wconf 84' lang='grc'>-</span> <span class='ocrx_word' id='word_1_174' title='bbox 1804 2059 1950 2126; x_wconf 84' lang='grc' dir='ltr'><strong><em>νᾶες</em></strong></span> <span class='ocrx_word' id='word_1_175' title='bbox 1996 2092 2081 2101; x_wconf 87' lang='lat'><strong><em>——</em></strong></span> <span class='ocrx_word' id='word_1_176' title='bbox 2127 2055 2384 2138; x_wconf 79' lang='grc' dir='ltr'><strong><em>ἄγαγον.</em></strong></span> 
     </span>
    </p>
   </div>
   <div class='ocr_carea' id='block_1_6' title="bbox 353 2160 2808 2624">
    <p class='ocr_par' dir='ltr' id='par_1_6' title="bbox 353 2160 2808 2335">
     <span class='ocr_line' id='line_1_18' title="bbox 534 2160 2808 2247; baseline 0.002 -24"><span class='ocrx_word' id='word_1_177' title='bbox 534 2162 679 2224; x_wconf 88' lang='grc'><strong>756.</strong></span> <span class='ocrx_word' id='word_1_178' title='bbox 727 2160 968 2245; x_wconf 82' lang='grc' dir='ltr'><strong><em>οῖκεύς]</em></strong></span> <span class='ocrx_word' id='word_1_179' title='bbox 1018 2160 1298 2226; x_wconf 81' lang='lat' dir='ltr'>Servus</span> <span class='ocrx_word' id='word_1_180' title='bbox 1346 2162 1833 2226; x_wconf 84' lang='lat' dir='ltr'><strong>domesticus.</strong></span> <span class='ocrx_word' id='word_1_181' title='bbox 1910 2161 1958 2225; x_wconf 93' lang='lat' dir='ltr'><strong><em>I.</em></strong></span> <span class='ocrx_word' id='word_1_182' title='bbox 1992 2182 2047 2245; x_wconf 93' lang='lat' dir='ltr'><strong><em>q.</em></strong></span> <span class='ocrx_word' id='word_1_183' title='bbox 2097 2163 2366 2247; x_wconf 80' lang='grc' dir='ltr'><strong><em>οἰκέτης,</em></strong></span> <span class='ocrx_word' id='word_1_184' title='bbox 2415 2164 2452 2226; x_wconf 92' lang='lat' dir='ltr'><strong><em>i.</em></strong></span> <span class='ocrx_word' id='word_1_185' title='bbox 2486 2183 2537 2229; x_wconf 79' lang='lat' dir='ltr'><strong><em>e.</em></strong></span> <span class='ocrx_word' id='word_1_186' title='bbox 2586 2183 2808 2229; x_wconf 84' lang='lat' dir='ltr'><strong>servus</strong></span> 
     </span>
     <span class='ocr_line' id='line_1_19' title="bbox 353 2249 2503 2335; baseline 0.001 -22"><span class='ocrx_word' id='word_1_187' title='bbox 353 2250 419 2313; x_wconf 78' lang='grc' dir='ltr'><strong><em>ἐν</em></strong></span> <span class='ocrx_word' id='word_1_188' title='bbox 468 2252 666 2321; x_wconf 85' lang='grc' dir='ltr'><strong><em>οἴκοις</em></strong></span> <span class='ocrx_word' id='word_1_189' title='bbox 710 2257 900 2315; x_wconf 83' lang='lat' dir='ltr'><strong>natus</strong></span> <span class='ocrx_word' id='word_1_190' title='bbox 947 2249 1253 2333; x_wconf 84' lang='lat' dir='ltr'><strong>(Eustath.</strong></span> <span class='ocrx_word' id='word_1_191' title='bbox 1300 2271 1356 2335; x_wconf 91' lang='lat' dir='ltr'><strong><em>p.</em></strong></span> <span class='ocrx_word' id='word_1_192' title='bbox 1410 2252 1597 2328; x_wconf 86' lang='lat'>1423</span> <span class='ocrx_word' id='word_1_193' title='bbox 1642 2254 1743 2332; x_wconf 89' lang='grc'><strong>4.).</strong></span> <span class='ocrx_word' id='word_1_194' title='bbox 1820 2251 2057 2315; x_wconf 79' lang='lat' dir='ltr'><strong>Raruin</strong></span> <span class='ocrx_word' id='word_1_195' title='bbox 2105 2251 2503 2317; x_wconf 84' lang='lat' dir='ltr'><strong>vocabulum.</strong></span> 
     </span>
    </p>

    <p class='ocr_par' dir='ltr' id='par_1_7' title="bbox 354 2339 2807 2602">
     <span class='ocr_line' id='line_1_20' title="bbox 534 2339 2807 2426; baseline 0.002 -24"><span class='ocrx_word' id='word_1_196' title='bbox 534 2340 677 2403; x_wconf 84' lang='lat'><strong>759.</strong></span> <span class='ocrx_word' id='word_1_197' title='bbox 725 2341 925 2423; x_wconf 87' lang='grc' dir='ltr'><strong><em>κράτη</em></strong></span> <span class='ocrx_word' id='word_1_198' title='bbox 983 2341 1055 2405; x_wconf 79' lang='grc' dir='ltr'><strong><em>σέ</em></strong></span> <span class='ocrx_word' id='word_1_199' title='bbox 1097 2342 1149 2402; x_wconf 86' lang='grc' dir='ltr'><strong><em>τ’</em></strong></span> <span class='ocrx_word' id='word_1_200' title='bbox 1197 2339 1311 2405; x_wconf 82' lang='grc' dir='ltr'><strong><em>εἶδ’</em></strong></span> <span class='ocrx_word' id='word_1_201' title='bbox 1367 2342 1587 2424; x_wconf 83' lang='grc' dir='ltr'><strong><em>ἔχοντα</em></strong></span> <span class='ocrx_word' id='word_1_202' title='bbox 1639 2340 1755 2425; x_wconf 88' lang='grc'><strong><em>-]</em></strong></span> <span class='ocrx_word' id='word_1_203' title='bbox 1803 2341 1851 2405; x_wconf 93' lang='lat' dir='ltr'><strong><em>I.</em></strong></span> <span class='ocrx_word' id='word_1_204' title='bbox 1900 2360 1951 2405; x_wconf 85' lang='lat' dir='ltr'><strong><em>e.</em></strong></span> <span class='ocrx_word' id='word_1_205' title='bbox 2007 2341 2078 2405; x_wconf 84' lang='grc' dir='ltr'><strong><em>σὲ</em></strong></span> <span class='ocrx_word' id='word_1_206' title='bbox 2132 2340 2257 2406; x_wconf 82' lang='grc' dir='ltr'><strong><em>εἶδε</em></strong></span> <span class='ocrx_word' id='word_1_207' title='bbox 2320 2343 2542 2426; x_wconf 82' lang='grc' dir='ltr'><strong><em>ἔχοντα</em></strong></span> <span class='ocrx_word' id='word_1_208' title='bbox 2599 2342 2807 2408; x_wconf 76' lang='grc' dir='ltr'><strong><em>Λαΐου</em></strong></span> 
     </span>
     <span class='ocr_line' id='line_1_21' title="bbox 354 2427 2806 2516; baseline 0.002 -24"><span class='ocrx_word' id='word_1_209' title='bbox 354 2429 685 2501; x_wconf 81' lang='grc' dir='ltr'><strong><em>ὀλωλότος.</em></strong></span> <span class='ocrx_word' id='word_1_210' title='bbox 761 2427 858 2494; x_wconf 85' lang='lat' dir='ltr'><strong><em>De</em></strong></span> <span class='ocrx_word' id='word_1_211' title='bbox 911 2430 1258 2515; x_wconf 80' lang='lat' dir='ltr'><strong>particulae</strong></span> <span class='ocrx_word' id='word_1_212' title='bbox 1303 2455 1367 2495; x_wconf 83' lang='grc' dir='ltr'><strong><em>τε</em></strong></span> <span class='ocrx_word' id='word_1_213' title='bbox 1413 2430 1825 2495; x_wconf 81' lang='lat' dir='ltr'>collocatione</span> <span class='ocrx_word' id='word_1_214' title='bbox 1870 2450 1926 2492; x_wconf 82' lang='lat' dir='ltr'><strong><em>v.</em></strong></span> <span class='ocrx_word' id='word_1_215' title='bbox 1975 2429 2193 2494; x_wconf 86' lang='lat' dir='ltr'><strong>Elmsl.</strong></span> <span class='ocrx_word' id='word_1_216' title='bbox 2241 2431 2319 2494; x_wconf 85' lang='lat' dir='ltr'><strong><em>ad</em></strong></span> <span class='ocrx_word' id='word_1_217' title='bbox 2368 2431 2501 2516; x_wconf 93' lang='lat' dir='ltr'><strong>Iph.</strong></span> <span class='ocrx_word' id='word_1_218' title='bbox 2548 2433 2612 2496; x_wconf 92' lang='grc' dir='ltr'><strong><em>Τ.</em></strong></span> <span class='ocrx_word' id='word_1_219' title='bbox 2668 2434 2806 2496; x_wconf 88' lang='grc'><strong>199.</strong></span> 
     </span>
     <span class='ocr_line' id='line_1_22' title="bbox 354 2511 1618 2624; baseline 0.002 -42"><span class='ocrx_word' id='word_1_220' title='bbox 354 2518 441 2582; x_wconf 84' lang='lat' dir='ltr'><strong><em>Of.</em></strong></span> <span class='ocrx_word' id='word_1_221' title='bbox 490 2519 568 2583; x_wconf 83' lang='lat' dir='ltr'><strong><em>ad</em></strong></span> <span class='ocrx_word' id='word_1_222' title='bbox 615 2519 774 2583; x_wconf 90' lang='lat' dir='ltr'><strong>Phil.</strong></span> <span class='ocrx_word' id='word_1_223' title='bbox 827 2520 994 2582; x_wconf 88' lang='lat'>1411</span> <span class='ocrx_word' id='word_1_224' title='bbox 1032 2539 1121 2602; x_wconf 90' lang='lat' dir='ltr'><strong><em>sq.</em></strong></span> <span class='ocrx_word' id='word_1_225' title='bbox 1170 2521 1318 2583; x_wconf 86' lang='lat' dir='ltr'><strong>Ant.</strong></span> <span class='ocrx_word' id='word_1_226' title='bbox 1371 2511 1496 2624; x_wconf 89' lang='grc'><strong><em>120</em></strong></span> <span class='ocrx_word' id='word_1_227' title='bbox 1527 2540 1618 2602; x_wconf 80' lang='lat' dir='ltr'><strong><em>sq.</em></strong></span> 
     </span>
    </p>
   </div>
   <div class='ocr_carea' id='block_1_7' title="bbox 348 2625 2809 3415">
    <p class='ocr_par' dir='ltr' id='par_1_8' title="bbox 349 2625 2809 3415">
     <span class='ocr_line' id='line_1_23' title="bbox 535 2625 2808 2713; baseline 0.002 -22"><span class='ocrx_word' id='word_1_228' title='bbox 535 2627 678 2691; x_wconf 82' lang='lat'><strong>761.</strong></span> <span class='ocrx_word' id='word_1_229' title='bbox 728 2625 815 2690; x_wconf 84' lang='lat' dir='ltr'><strong><em>Of.</em></strong></span> <span class='ocrx_word' id='word_1_230' title='bbox 867 2628 1010 2691; x_wconf 88' lang='grc'><strong>734.</strong></span> <span class='ocrx_word' id='word_1_231' title='bbox 1085 2628 1234 2691; x_wconf 86' lang='lat' dir='ltr'><strong>Ant.</strong></span> <span class='ocrx_word' id='word_1_232' title='bbox 1287 2628 1475 2692; x_wconf 87' lang='grc'><strong>1176.</strong></span> <span class='ocrx_word' id='word_1_233' title='bbox 1549 2627 1783 2711; x_wconf 87' lang='grc' dir='ltr'><strong><em>πότερα</em></strong></span> <span class='ocrx_word' id='word_1_234' title='bbox 1857 2627 2162 2712; x_wconf 76' lang='grc' dir='ltr'><strong><em>πατρῴας</em></strong></span> <span class='ocrx_word' id='word_1_235' title='bbox 2234 2631 2273 2713; x_wconf 86' lang='grc' dir='ltr'><em>ἢ</em></span> <span class='ocrx_word' id='word_1_236' title='bbox 2339 2629 2502 2713; x_wconf 86' lang='grc' dir='ltr'><strong><em>πρὸς</em></strong></span> <span class='ocrx_word' id='word_1_237' title='bbox 2576 2630 2808 2705; x_wconf 74' lang='grc' dir='ltr'><strong><em>οἰκείας</em></strong></span> 
     </span>
     <span class='ocr_line' id='line_1_24' title="bbox 349 2716 2806 2802; baseline 0.001 -21"><span class='ocrx_word' id='word_1_238' title='bbox 349 2716 574 2800; x_wconf 84' lang='grc' dir='ltr'><strong><em>χερός,·</em></strong></span> <span class='ocrx_word' id='word_1_239' title='bbox 641 2717 786 2781; x_wconf 88' lang='grc'><strong>367.</strong></span> <span class='ocrx_word' id='word_1_240' title='bbox 833 2717 929 2782; x_wconf 87' lang='grc' dir='ltr'><strong><em>ΕΙ.</em></strong></span> <span class='ocrx_word' id='word_1_241' title='bbox 982 2718 1125 2781; x_wconf 88' lang='grc'><strong>780.</strong></span> <span class='ocrx_word' id='word_1_242' title='bbox 1202 2719 1345 2782; x_wconf 75' lang='grc' dir='ltr'><strong><em>οὔτε</em></strong></span> <span class='ocrx_word' id='word_1_243' title='bbox 1408 2718 1635 2789; x_wconf 88' lang='grc' dir='ltr'><strong><em>νυκτὸς</em></strong></span> <span class='ocrx_word' id='word_1_244' title='bbox 1683 2756 1765 2765; x_wconf 93' lang='lat'><strong><em>—-</em></strong></span> <span class='ocrx_word' id='word_1_245' title='bbox 1815 2718 1945 2783; x_wconf 82' lang='grc' dir='ltr'><strong><em>οὔτ’</em></strong></span> <span class='ocrx_word' id='word_1_246' title='bbox 2011 2719 2081 2791; x_wconf 74' lang='grc' dir='ltr'><strong><em>ἐξ</em></strong></span> <span class='ocrx_word' id='word_1_247' title='bbox 2143 2720 2401 2802; x_wconf 81' lang='grc' dir='ltr'><strong><em>ἡμέρας.</em></strong></span> <span class='ocrx_word' id='word_1_248' title='bbox 2466 2720 2617 2784; x_wconf 83' lang='lat' dir='ltr'><strong>Eur.</strong></span> <span class='ocrx_word' id='word_1_249' title='bbox 2666 2719 2806 2784; x_wconf 82' lang='lat' dir='ltr'><strong>Hel.</strong></span> 
     </span>
     <span class='ocr_line' id='line_1_25' title="bbox 355 2805 2806 2891; baseline 0.002 -23"><span class='ocrx_word' id='word_1_250' title='bbox 355 2806 502 2869; x_wconf 86' lang='grc'><strong>863.</strong></span> <span class='ocrx_word' id='word_1_251' title='bbox 556 2805 783 2888; x_wconf 89' lang='grc' dir='ltr'><strong><em>Τροίας</em></strong></span> <span class='ocrx_word' id='word_1_252' title='bbox 830 2805 900 2870; x_wconf 85' lang='grc' dir='ltr'><strong><em>δὲ</em></strong></span> <span class='ocrx_word' id='word_1_253' title='bbox 947 2807 1183 2878; x_wconf 78' lang='grc' dir='ltr'><strong><em>σωθεὶς</em></strong></span> <span class='ocrx_word' id='word_1_254' title='bbox 1226 2806 1401 2871; x_wconf 81' lang='grc' dir='ltr'><strong><em>κάπὸ</em></strong></span> <span class='ocrx_word' id='word_1_255' title='bbox 1445 2808 1786 2891; x_wconf 81' lang='grc' dir='ltr'><strong><em>βαρβάρου</em></strong></span> <span class='ocrx_word' id='word_1_256' title='bbox 1832 2807 2089 2890; x_wconf 85' lang='grc' dir='ltr'><strong><em>χθονός.</em></strong></span> <span class='ocrx_word' id='word_1_257' title='bbox 2136 2807 2291 2873; x_wconf 67' lang='lat' dir='ltr'><strong>Hoc.</strong></span> <span class='ocrx_word' id='word_1_258' title='bbox 2345 2810 2487 2874; x_wconf 88' lang='lat'>143.</span> <span class='ocrx_word' id='word_1_259' title='bbox 2535 2809 2668 2873; x_wconf 79' lang='grc' dir='ltr'><strong><em>ἀλλ’</em></strong></span> <span class='ocrx_word' id='word_1_260' title='bbox 2716 2810 2806 2873; x_wconf 86' lang='grc' dir='ltr'><strong><em>ἴθι</em></strong></span> 
     </span>
     <span class='ocr_line' id='line_1_26' title="bbox 351 2894 2809 2982; baseline 0.001 -23"><span class='ocrx_word' id='word_1_261' title='bbox 351 2894 573 2969; x_wconf 84' lang='grc' dir='ltr'><strong><em>ναοὺς,</em></strong></span> <span class='ocrx_word' id='word_1_262' title='bbox 638 2896 729 2959; x_wconf 82' lang='grc' dir='ltr'><strong><em>ἴθι</em></strong></span> <span class='ocrx_word' id='word_1_263' title='bbox 792 2896 957 2978; x_wconf 86' lang='grc' dir='ltr'><strong><em>πρὸς</em></strong></span> <span class='ocrx_word' id='word_1_264' title='bbox 1018 2898 1303 2980; x_wconf 76' lang='grc' dir='ltr'><strong><em>βωμούς.</em></strong></span> <span class='ocrx_word' id='word_1_265' title='bbox 1380 2895 1801 2980; x_wconf 79' lang='lat' dir='ltr'><strong>Supp1.317.</strong></span> <span class='ocrx_word' id='word_1_266' title='bbox 1874 2895 1981 2960; x_wconf 84' lang='grc' dir='ltr'><strong><em>καὶ</em></strong></span> <span class='ocrx_word' id='word_1_267' title='bbox 2051 2897 2183 2981; x_wconf 85' lang='grc' dir='ltr'><strong><em>μὴν</em></strong></span> <span class='ocrx_word' id='word_1_268' title='bbox 2254 2897 2580 2982; x_wconf 83' lang='grc' dir='ltr'><strong><em>Κάνωβον</em></strong></span> <span class='ocrx_word' id='word_1_269' title='bbox 2652 2899 2809 2962; x_wconf 83' lang='grc' dir='ltr'><strong><em>κάπὶ</em></strong></span> 
     </span>
     <span class='ocr_line' id='line_1_27' title="bbox 348 2979 2806 3072; baseline 0.002 -24.003"><span class='ocrx_word' id='word_1_270' title='bbox 348 2979 622 3068; x_wconf 84' lang='grc' dir='ltr'><strong><em>Μέμφιν</em></strong></span> <span class='ocrx_word' id='word_1_271' title='bbox 667 2986 849 3050; x_wconf 79' lang='grc' dir='ltr'><strong><em>ἵκετο.</em></strong></span> <span class='ocrx_word' id='word_1_272' title='bbox 899 2984 1135 3050; x_wconf 76' lang='lat' dir='ltr'><strong>Phoen.</strong></span> <span class='ocrx_word' id='word_1_273' title='bbox 1187 2985 1331 3048; x_wconf 88' lang='lat'>361.</span> <span class='ocrx_word' id='word_1_274' title='bbox 1382 2987 1549 3050; x_wconf 76' lang='grc' dir='ltr'><strong><em>οὕτω</em></strong></span> <span class='ocrx_word' id='word_1_275' title='bbox 1600 2987 1670 3051; x_wconf 82' lang='grc' dir='ltr'><strong><em>δὲ</em></strong></span> <span class='ocrx_word' id='word_1_276' title='bbox 1713 2988 1948 3070; x_wconf 89' lang='grc' dir='ltr'><strong><em>τάρβος</em></strong></span> <span class='ocrx_word' id='word_1_277' title='bbox 2000 2986 2064 3057; x_wconf 76' lang='grc' dir='ltr'><strong><em>ἐς</em></strong></span> <span class='ocrx_word' id='word_1_278' title='bbox 2109 2986 2320 3070; x_wconf 89' lang='grc' dir='ltr'><strong><em>φόβον</em></strong></span> <span class='ocrx_word' id='word_1_279' title='bbox 2364 2991 2414 3049; x_wconf 85' lang='grc' dir='ltr'><strong><em>τ’</em></strong></span> <span class='ocrx_word' id='word_1_280' title='bbox 2461 2988 2806 3072; x_wconf 81' lang='grc' dir='ltr'><strong><em>ἀφικόμην.</em></strong></span> 
     </span>
     <span class='ocr_line' id='line_1_28' title="bbox 353 3073 2806 3159; baseline 0.001 -21"><span class='ocrx_word' id='word_1_281' title='bbox 353 3075 579 3140; x_wconf 82' lang='lat' dir='ltr'><strong>Aesch.</strong></span> <span class='ocrx_word' id='word_1_282' title='bbox 626 3073 810 3138; x_wconf 86' lang='lat' dir='ltr'><strong>Eum.</strong></span> <span class='ocrx_word' id='word_1_283' title='bbox 861 3075 1006 3139; x_wconf 89' lang='grc'><strong>662.</strong></span> <span class='ocrx_word' id='word_1_284' title='bbox 1063 3074 1240 3158; x_wconf 86' lang='grc' dir='ltr'><strong><em>ἦμαρ</em></strong></span> <span class='ocrx_word' id='word_1_285' title='bbox 1296 3076 1402 3139; x_wconf 79' lang='grc' dir='ltr'><strong><em>καὶ</em></strong></span> <span class='ocrx_word' id='word_1_286' title='bbox 1447 3078 1583 3139; x_wconf 89' lang='grc' dir='ltr'><strong><em>κατ’</em></strong></span> <span class='ocrx_word' id='word_1_287' title='bbox 1635 3076 1959 3159; x_wconf 79' lang='grc' dir='ltr'><strong><em>εὐφρόνην</em></strong></span> <span class='ocrx_word' id='word_1_288' title='bbox 2005 3075 2202 3156; x_wconf 86' lang='grc' dir='ltr'><strong><em>ὁμῶς.</em></strong></span> <span class='ocrx_word' id='word_1_289' title='bbox 2251 3078 2443 3140; x_wconf 85' lang='lat' dir='ltr'><strong>Arist.</strong></span> <span class='ocrx_word' id='word_1_290' title='bbox 2492 3080 2609 3141; x_wconf 67' lang='lat' dir='ltr'><strong><em>AY.</em></strong></span> <span class='ocrx_word' id='word_1_291' title='bbox 2654 3078 2806 3159; x_wconf 87' lang='grc'><strong>740.</strong></span> 
     </span>
     <span class='ocr_line' id='line_1_29' title="bbox 351 3150 2805 3250; baseline 0.001 -24"><span class='ocrx_word' id='word_1_292' title='bbox 351 3165 606 3227; x_wconf 88' lang='grc' dir='ltr'><strong><em>νάπαισι</em></strong></span> <span class='ocrx_word' id='word_1_293' title='bbox 653 3164 760 3228; x_wconf 85' lang='grc' dir='ltr'><strong><em>καὶ</em></strong></span> <span class='ocrx_word' id='word_1_294' title='bbox 806 3170 1123 3247; x_wconf 85' lang='grc' dir='ltr'><strong><em>κορυφαῖς</em></strong></span> <span class='ocrx_word' id='word_1_295' title='bbox 1169 3165 1237 3229; x_wconf 78' lang='grc' dir='ltr'><strong><em>ἓν</em></strong></span> <span class='ocrx_word' id='word_1_296' title='bbox 1283 3165 1530 3246; x_wconf 82' lang='grc' dir='ltr'><strong><em>ὀρείαις.</em></strong></span> <span class='ocrx_word' id='word_1_297' title='bbox 1579 3165 1693 3247; x_wconf 85' lang='grc' dir='ltr'><strong>Ε(1.</strong></span> <span class='ocrx_word' id='word_1_298' title='bbox 1729 3166 1875 3228; x_wconf 92' lang='grc'><strong>610.</strong></span> <span class='ocrx_word' id='word_1_299' title='bbox 1920 3164 2080 3248; x_wconf 87' lang='grc' dir='ltr'><strong><em>μήτε</em></strong></span> <span class='ocrx_word' id='word_1_300' title='bbox 2126 3171 2205 3249; x_wconf 80' lang='grc' dir='ltr'><strong><em>γῇ</em></strong></span> <span class='ocrx_word' id='word_1_301' title='bbox 2235 3165 2381 3249; x_wconf 83' lang='grc' dir='ltr'><strong><em>μητ’</em></strong></span> <span class='ocrx_word' id='word_1_302' title='bbox 2415 3166 2481 3229; x_wconf 82' lang='grc' dir='ltr'><strong><em>ἕν</em></strong></span> <span class='ocrx_word' id='word_1_303' title='bbox 2512 3150 2805 3250; x_wconf 80' lang='grc' dir='ltr'><strong><em>θαλάττῃ.</em></strong></span> 
     </span>
     <span class='ocr_line' id='line_1_30' title="bbox 356 3253 2808 3339; baseline 0.002 -24"><span class='ocrx_word' id='word_1_304' title='bbox 356 3254 499 3317; x_wconf 89' lang='grc'><strong>567.</strong></span> <span class='ocrx_word' id='word_1_305' title='bbox 566 3253 1069 3318; x_wconf 82' lang='lat' dir='ltr'><strong>Mosch.1d.11.</strong></span> <span class='ocrx_word' id='word_1_306' title='bbox 1123 3255 1266 3318; x_wconf 88' lang='grc'><strong>138.</strong></span> <span class='ocrx_word' id='word_1_307' title='bbox 1332 3254 1408 3317; x_wconf 81' lang='grc' dir='ltr'><strong><em>σὺ</em></strong></span> <span class='ocrx_word' id='word_1_308' title='bbox 1467 3255 1536 3317; x_wconf 82' lang='grc' dir='ltr'><strong><em>δὲ</em></strong></span> <span class='ocrx_word' id='word_1_309' title='bbox 1582 3255 1789 3337; x_wconf 85' lang='grc' dir='ltr'><strong><em>χθόνα</em></strong></span> <span class='ocrx_word' id='word_1_310' title='bbox 1847 3279 1953 3320; x_wconf 86' lang='grc' dir='ltr'><strong><em>και</em></strong></span> <span class='ocrx_word' id='word_1_311' title='bbox 1998 3255 2157 3319; x_wconf 83' lang='grc' dir='ltr'><strong><em>κατὰ</em></strong></span> <span class='ocrx_word' id='word_1_312' title='bbox 2203 3255 2485 3339; x_wconf 79' lang='grc' dir='ltr'><strong><em>πόντον]</em></strong></span> <span class='ocrx_word' id='word_1_313' title='bbox 2526 3256 2808 3338; x_wconf 80' lang='grc' dir='ltr'><strong><em>ἄβροχος</em></strong></span> 
     </span>
     <span class='ocr_line' id='line_1_31' title="bbox 351 3340 596 3415; baseline -0.004 -8"><span class='ocrx_word' id='word_1_314' title='bbox 351 3340 596 3415; x_wconf 72' lang='grc' dir='ltr'><strong><em>ἀίσσεις.</em></strong></span> 
     </span>
    </p>
   </div>
   <div class='ocr_carea' id='block_1_8' title="bbox 351 3450 2807 4628">
    <p class='ocr_par' dir='ltr' id='par_1_9' title="bbox 351 3450 2807 3804">
     <span class='ocr_line' id='line_1_32' title="bbox 535 3450 2805 3537; baseline 0 -23"><span class='ocrx_word' id='word_1_315' title='bbox 535 3451 679 3514; x_wconf 92' lang='grc'><strong>762.</strong></span> <span class='ocrx_word' id='word_1_316' title='bbox 727 3450 901 3515; x_wconf 84' lang='grc' dir='ltr'><strong><em>τοῦδ’</em></strong></span> <span class='ocrx_word' id='word_1_317' title='bbox 948 3452 1233 3523; x_wconf 78' lang='grc' dir='ltr'><strong><em>ἄποπτος</em></strong></span> <span class='ocrx_word' id='word_1_318' title='bbox 1279 3451 1550 3537; x_wconf 75' lang='grc' dir='ltr'><strong><em>ἄστεως]</em></strong></span> <span class='ocrx_word' id='word_1_319' title='bbox 1608 3450 1754 3516; x_wconf 86' lang='lat' dir='ltr'><strong><em>Out</em></strong></span> <span class='ocrx_word' id='word_1_320' title='bbox 1800 3454 1875 3515; x_wconf 83' lang='lat' dir='ltr'><strong><em>of</em></strong></span> <span class='ocrx_word' id='word_1_321' title='bbox 1921 3454 2126 3537; x_wconf 80' lang='lat' dir='ltr'><strong>sight</strong></span> <span class='ocrx_word' id='word_1_322' title='bbox 2173 3455 2249 3517; x_wconf 87' lang='lat' dir='ltr'><strong><em>of</em></strong></span> <span class='ocrx_word' id='word_1_323' title='bbox 2289 3455 2442 3518; x_wconf 84' lang='lat' dir='ltr'><strong>this</strong></span> <span class='ocrx_word' id='word_1_324' title='bbox 2489 3455 2662 3536; x_wconf 83' lang='lat' dir='ltr'><strong>city.</strong></span> <span class='ocrx_word' id='word_1_325' title='bbox 2712 3454 2805 3518; x_wconf 84' lang='lat' dir='ltr'><strong><em>Cf.</em></strong></span> 
     </span>
     <span class='ocr_line' id='line_1_33' title="bbox 354 3539 2805 3627; baseline 0.001 -24"><span class='ocrx_word' id='word_1_326' title='bbox 354 3539 450 3603; x_wconf 84' lang='lat' dir='ltr'><strong><em>El.</em></strong></span> <span class='ocrx_word' id='word_1_327' title='bbox 503 3542 692 3604; x_wconf 88' lang='grc'><strong>1487.</strong></span> <span class='ocrx_word' id='word_1_328' title='bbox 758 3541 1010 3605; x_wconf 85' lang='grc' dir='ltr'><strong><em>κτανὼν</em></strong></span> <span class='ocrx_word' id='word_1_329' title='bbox 1064 3541 1309 3624; x_wconf 87' lang='grc' dir='ltr'><strong><em>πρόθες</em></strong></span> <span class='ocrx_word' id='word_1_330' title='bbox 1350 3541 1360 3625; x_wconf 85' lang='grc' dir='ltr'>Ι</span> <span class='ocrx_word' id='word_1_331' title='bbox 1399 3547 1699 3624; x_wconf 81' lang='grc' dir='ltr'><strong><em>ταφεῦσιν</em></strong></span> <span class='ocrx_word' id='word_1_332' title='bbox 1746 3579 1830 3588; x_wconf 82' lang='lat'><strong><em>-</em></strong></span> <span class='ocrx_word' id='word_1_333' title='bbox 1878 3543 2167 3606; x_wconf 76' lang='grc' dir='ltr'><strong><em>ἄποπτον</em></strong></span> <span class='ocrx_word' id='word_1_334' title='bbox 2213 3544 2416 3627; x_wconf 84' lang='grc' dir='ltr'><strong><em>ἡμῶν.</em></strong></span> <span class='ocrx_word' id='word_1_335' title='bbox 2466 3543 2624 3607; x_wconf 88' lang='lat' dir='ltr'><strong>Phil.</strong></span> <span class='ocrx_word' id='word_1_336' title='bbox 2658 3544 2805 3607; x_wconf 89' lang='grc'><strong>467.</strong></span> 
     </span>
     <span class='ocr_line' id='line_1_34' title="bbox 353 3629 2807 3715; baseline 0.002 -23"><span class='ocrx_word' id='word_1_337' title='bbox 353 3629 713 3704; x_wconf 77' lang='grc' dir='ltr'><strong><em>ἒξάπόπτου</em></strong></span> <span class='ocrx_word' id='word_1_338' title='bbox 762 3667 843 3678; x_wconf 91' lang='lat'><strong><em>--</em></strong></span> <span class='ocrx_word' id='word_1_339' title='bbox 894 3636 1169 3695; x_wconf 76' lang='grc' dir='ltr'><strong><em>σκοπεῖν.</em></strong></span> <span class='ocrx_word' id='word_1_340' title='bbox 1237 3632 1336 3713; x_wconf 87' lang='lat' dir='ltr'><strong><em>Aj.</em></strong></span> <span class='ocrx_word' id='word_1_341' title='bbox 1402 3633 1496 3694; x_wconf 86' lang='lat'><strong><em>15.</em></strong></span> <span class='ocrx_word' id='word_1_342' title='bbox 1563 3629 1829 3714; x_wconf 85' lang='lat' dir='ltr'><strong>Dionys.</strong></span> <span class='ocrx_word' id='word_1_343' title='bbox 1894 3632 2038 3696; x_wconf 86' lang='lat' dir='ltr'><strong>Hal.</strong></span> <span class='ocrx_word' id='word_1_344' title='bbox 2098 3632 2178 3696; x_wconf 93' lang='lat' dir='ltr'><strong><em>II.</em></strong></span> <span class='ocrx_word' id='word_1_345' title='bbox 2239 3635 2339 3695; x_wconf 89' lang='grc'><strong><em>54.</em></strong></span> <span class='ocrx_word' id='word_1_346' title='bbox 2406 3633 2487 3701; x_wconf 81' lang='grc' dir='ltr'><strong><em>ε’·ν,</em></strong></span> <span class='ocrx_word' id='word_1_347' title='bbox 2536 3632 2807 3715; x_wconf 81' lang='grc' dir='ltr'><strong><em>ἀπόπτῳ</em></strong></span> 
     </span>
     <span class='ocr_line' id='line_1_35' title="bbox 351 3718 1088 3804; baseline 0.001 -23"><span class='ocrx_word' id='word_1_348' title='bbox 351 3719 620 3784; x_wconf 83' lang='grc' dir='ltr'><strong><em>τίθενται</em></strong></span> <span class='ocrx_word' id='word_1_349' title='bbox 664 3718 773 3785; x_wconf 84' lang='grc' dir='ltr'><strong><em>τὸν</em></strong></span> <span class='ocrx_word' id='word_1_350' title='bbox 817 3720 1088 3804; x_wconf 85' lang='grc' dir='ltr'><strong><em>χάρακα.</em></strong></span> 
     </span>
    </p>

    <p class='ocr_par' dir='ltr' id='par_1_10' title="bbox 355 3808 2804 3984">
     <span class='ocr_line' id='line_1_36' title="bbox 537 3808 2804 3895; baseline 0.001 -22"><span class='ocrx_word' id='word_1_351' title='bbox 537 3810 681 3873; x_wconf 86' lang='grc'><strong>763.</strong></span> <span class='ocrx_word' id='word_1_352' title='bbox 728 3809 816 3874; x_wconf 79' lang='grc' dir='ltr'><strong><em>οἷ’</em></strong></span> <span class='ocrx_word' id='word_1_353' title='bbox 864 3810 1027 3893; x_wconf 84' lang='grc' dir='ltr'><strong><em>ἀνὴρ</em></strong></span> <span class='ocrx_word' id='word_1_354' title='bbox 1077 3809 1337 3894; x_wconf 81' lang='grc' dir='ltr'><strong><em>δοῦλος]</em></strong></span> <span class='ocrx_word' id='word_1_355' title='bbox 1405 3808 1490 3875; x_wconf 84' lang='lat' dir='ltr'><strong><em>Of.</em></strong></span> <span class='ocrx_word' id='word_1_356' title='bbox 1539 3811 1618 3875; x_wconf 82' lang='lat' dir='ltr'><strong><em>ad</em></strong></span> <span class='ocrx_word' id='word_1_357' title='bbox 1669 3813 1812 3875; x_wconf 91' lang='grc'><strong>751.</strong></span> <span class='ocrx_word' id='word_1_358' title='bbox 1864 3812 2024 3883; x_wconf 87' lang='lat' dir='ltr'><strong>Phil.</strong></span> <span class='ocrx_word' id='word_1_359' title='bbox 2071 3815 2213 3881; x_wconf 64' lang='lat'><strong>584.</strong></span> <span class='ocrx_word' id='word_1_360' title='bbox 2261 3811 2463 3877; x_wconf 79' lang='grc' dir='ltr'><strong><em>πολλὰ</em></strong></span> <span class='ocrx_word' id='word_1_361' title='bbox 2514 3813 2690 3895; x_wconf 85' lang='grc' dir='ltr'><strong><em>δρῶν</em></strong></span> <span class='ocrx_word' id='word_1_362' title='bbox 2722 3850 2804 3859; x_wconf 85' lang='lat'><strong><em>—-</em></strong></span> 
     </span>
     <span class='ocr_line' id='line_1_37' title="bbox 355 3898 1542 3984; baseline 0.002 -23"><span class='ocrx_word' id='word_1_363' title='bbox 355 3901 594 3982; x_wconf 86' lang='grc' dir='ltr'><strong><em>χρηστά</em></strong></span> <span class='ocrx_word' id='word_1_364' title='bbox 640 3899 709 3963; x_wconf 87' lang='grc' dir='ltr'><strong><em>θ’</em></strong></span> <span class='ocrx_word' id='word_1_365' title='bbox 756 3898 845 3963; x_wconf 82' lang='grc' dir='ltr'><strong><em>οἷ’</em></strong></span> <span class='ocrx_word' id='word_1_366' title='bbox 878 3900 1078 3982; x_wconf 73' lang='grc' dir='ltr'><strong><em>(ῶςΡ)</em></strong></span> <span class='ocrx_word' id='word_1_367' title='bbox 1125 3900 1286 3984; x_wconf 84' lang='grc' dir='ltr'><strong><em>ἀνὴρ</em></strong></span> <span class='ocrx_word' id='word_1_368' title='bbox 1333 3901 1542 3983; x_wconf 85' lang='grc' dir='ltr'><strong><em>πένης.</em></strong></span> 
     </span>
    </p>

    <p class='ocr_par' dir='ltr' id='par_1_11' title="bbox 351 4005 2806 4628">
     <span class='ocr_line' id='line_1_38' title="bbox 537 4005 2671 4095; baseline 0.002 -26"><span class='ocrx_word' id='word_1_369' title='bbox 537 4006 680 4071; x_wconf 88' lang='grc'><strong>764.</strong></span> <span class='ocrx_word' id='word_1_370' title='bbox 727 4007 915 4090; x_wconf 86' lang='grc' dir='ltr'><strong><em>τῆσδε</em></strong></span> <span class='ocrx_word' id='word_1_371' title='bbox 960 4007 1067 4071; x_wconf 82' lang='grc' dir='ltr'><strong><em>καὶ</em></strong></span> <span class='ocrx_word' id='word_1_372' title='bbox 1111 4008 1311 4090; x_wconf 89' lang='grc' dir='ltr'><strong><em>μείζω</em></strong></span> <span class='ocrx_word' id='word_1_373' title='bbox 1358 4005 1564 4095; x_wconf 90' lang='grc' dir='ltr'><strong><em>χάριν]</em></strong></span> <span class='ocrx_word' id='word_1_374' title='bbox 1611 4007 1851 4073; x_wconf 80' lang='lat' dir='ltr'>Eadem</span> <span class='ocrx_word' id='word_1_375' title='bbox 1896 4009 2090 4073; x_wconf 78' lang='lat' dir='ltr'>verba</span> <span class='ocrx_word' id='word_1_376' title='bbox 2136 4015 2286 4073; x_wconf 80' lang='lat' dir='ltr'><strong>sunt</strong></span> <span class='ocrx_word' id='word_1_377' title='bbox 2331 4011 2430 4092; x_wconf 85' lang='lat' dir='ltr'><strong>Aj.</strong></span> <span class='ocrx_word' id='word_1_378' title='bbox 2484 4012 2671 4073; x_wconf 81' lang='lat'>1371.</span> 
     </span>
     <span class='ocr_line' id='line_1_39' title="bbox 351 4096 2805 4180; baseline 0 -21"><span class='ocrx_word' id='word_1_379' title='bbox 351 4132 358 4135; x_wconf 95' lang='lat'><em>-</em></span> <span class='ocrx_word' id='word_1_380' title='bbox 535 4096 680 4159; x_wconf 87' lang='grc'><strong>765.</strong></span> <span class='ocrx_word' id='word_1_381' title='bbox 727 4102 870 4167; x_wconf 86' lang='grc' dir='ltr'><strong><em>πῶς</em></strong></span> <span class='ocrx_word' id='word_1_382' title='bbox 915 4099 993 4159; x_wconf 81' lang='grc' dir='ltr'><strong><em>ἂν</em></strong></span> <span class='ocrx_word' id='word_1_383' title='bbox 1042 4096 1192 4180; x_wconf 84' lang='grc'><strong><em>-,·]</em></strong></span> <span class='ocrx_word' id='word_1_384' title='bbox 1261 4097 1562 4161; x_wconf 81' lang='lat' dir='ltr'><strong>Utinam</strong></span> <span class='ocrx_word' id='word_1_385' title='bbox 1612 4100 1726 4160; x_wconf 89' lang='lat'><strong><em>—!</em></strong></span> <span class='ocrx_word' id='word_1_386' title='bbox 1806 4096 1893 4162; x_wconf 80' lang='lat' dir='ltr'><strong>Of.</strong></span> <span class='ocrx_word' id='word_1_387' title='bbox 1943 4099 2041 4180; x_wconf 86' lang='lat' dir='ltr'><strong><em>Aj.</em></strong></span> <span class='ocrx_word' id='word_1_388' title='bbox 2092 4100 2236 4162; x_wconf 82' lang='lat'><strong>388.</strong></span> <span class='ocrx_word' id='word_1_389' title='bbox 2296 4098 2457 4162; x_wconf 86' lang='lat' dir='ltr'><strong>Phil.</strong></span> <span class='ocrx_word' id='word_1_390' title='bbox 2509 4100 2651 4163; x_wconf 87' lang='grc'><strong>794.</strong></span> <span class='ocrx_word' id='word_1_391' title='bbox 2709 4099 2805 4163; x_wconf 87' lang='lat' dir='ltr'><strong><em>El.</em></strong></span> 
     </span>
     <span class='ocr_line' id='line_1_40' title="bbox 353 4184 2805 4272; baseline 0.002 -27"><span class='ocrx_word' id='word_1_392' title='bbox 353 4184 502 4248; x_wconf 87' lang='grc'><strong>660.</strong></span> <span class='ocrx_word' id='word_1_393' title='bbox 551 4185 699 4250; x_wconf 85' lang='lat' dir='ltr'><strong>Eur.</strong></span> <span class='ocrx_word' id='word_1_394' title='bbox 749 4185 936 4270; x_wconf 88' lang='lat' dir='ltr'><strong>Hipp.</strong></span> <span class='ocrx_word' id='word_1_395' title='bbox 986 4188 1132 4250; x_wconf 89' lang='grc'><strong>207.</strong></span> <span class='ocrx_word' id='word_1_396' title='bbox 1184 4187 1318 4251; x_wconf 85' lang='lat' dir='ltr'><strong>Alc.</strong></span> <span class='ocrx_word' id='word_1_397' title='bbox 1367 4188 1515 4250; x_wconf 87' lang='grc'><strong>882.</strong></span> <span class='ocrx_word' id='word_1_398' title='bbox 1563 4187 1725 4252; x_wconf 85' lang='lat' dir='ltr'><strong>Med.</strong></span> <span class='ocrx_word' id='word_1_399' title='bbox 1778 4188 1877 4251; x_wconf 92' lang='grc'><strong><em>97.</em></strong></span> <span class='ocrx_word' id='word_1_400' title='bbox 1934 4187 2067 4271; x_wconf 90' lang='lat' dir='ltr'><strong>Iph.</strong></span> <span class='ocrx_word' id='word_1_401' title='bbox 2113 4188 2177 4251; x_wconf 85' lang='grc' dir='ltr'><strong><em>Τ.</em></strong></span> <span class='ocrx_word' id='word_1_402' title='bbox 2227 4188 2374 4250; x_wconf 84' lang='grc'><strong>613.</strong></span> <span class='ocrx_word' id='word_1_403' title='bbox 2420 4186 2610 4272; x_wconf 88' lang='lat' dir='ltr'><strong>Hipp.</strong></span> <span class='ocrx_word' id='word_1_404' title='bbox 2659 4188 2805 4251; x_wconf 61' lang='lat'><strong>344.</strong></span> 
     </span>
     <span class='ocr_line' id='line_1_41' title="bbox 357 4272 2806 4359; baseline 0 -21"><span class='ocrx_word' id='word_1_405' title='bbox 357 4272 461 4338; x_wconf 91' lang='lat' dir='ltr'><strong><em>Or.</em></strong></span> <span class='ocrx_word' id='word_1_406' title='bbox 515 4275 702 4337; x_wconf 89' lang='grc'><strong>1045.</strong></span> <span class='ocrx_word' id='word_1_407' title='bbox 771 4276 962 4340; x_wconf 85' lang='lat' dir='ltr'><strong>Arist.</strong></span> <span class='ocrx_word' id='word_1_408' title='bbox 1008 4276 1165 4339; x_wconf 85' lang='lat' dir='ltr'><strong><em>th.</em></strong></span> <span class='ocrx_word' id='word_1_409' title='bbox 1216 4277 1361 4339; x_wconf 90' lang='grc'><strong>991.</strong></span> <span class='ocrx_word' id='word_1_410' title='bbox 1428 4277 1584 4341; x_wconf 82' lang='lat' dir='ltr'><strong>Plat.</strong></span> <span class='ocrx_word' id='word_1_411' title='bbox 1633 4277 1910 4359; x_wconf 82' lang='lat' dir='ltr'><strong>Euthyd.</strong></span> <span class='ocrx_word' id='word_1_412' title='bbox 1961 4278 2088 4339; x_wconf 88' lang='grc'><strong><em>275</em></strong></span> <span class='ocrx_word' id='word_1_413' title='bbox 2124 4278 2188 4341; x_wconf 85' lang='lat' dir='ltr'><strong><em>C.</em></strong></span> <span class='ocrx_word' id='word_1_414' title='bbox 2253 4281 2396 4347; x_wconf 88' lang='grc' dir='ltr'><strong><em>πῶς</em></strong></span> <span class='ocrx_word' id='word_1_415' title='bbox 2458 4279 2538 4339; x_wconf 80' lang='grc' dir='ltr'><strong><em>ἣν</em></strong></span> <span class='ocrx_word' id='word_1_416' title='bbox 2591 4277 2806 4347; x_wconf 84' lang='grc' dir='ltr'><strong><em>καλῶς</em></strong></span> 
     </span>
     <span class='ocr_line' id='line_1_42' title="bbox 357 4364 1590 4448; baseline 0.002 -22"><span class='ocrx_word' id='word_1_417' title='bbox 357 4387 455 4427; x_wconf 91' lang='grc' dir='ltr'><strong><em>σοι</em></strong></span> <span class='ocrx_word' id='word_1_418' title='bbox 505 4364 957 4448; x_wconf 78' lang='grc' dir='ltr'><strong><em>διηγησαίμην;</em></strong></span> <span class='ocrx_word' id='word_1_419' title='bbox 1092 4364 1301 4448; x_wconf 84' lang='grc' dir='ltr'><strong><em>πάλιν]</em></strong></span> <span class='ocrx_word' id='word_1_420' title='bbox 1348 4365 1590 4430; x_wconf 81' lang='lat' dir='ltr'><strong>RetrO.</strong></span> 
     </span>
     <span class='ocr_line' id='line_1_43' title="bbox 538 4453 2804 4541; baseline 0.001 -25"><span class='ocrx_word' id='word_1_421' title='bbox 538 4454 681 4517; x_wconf 87' lang='grc'><strong>766.</strong></span> <span class='ocrx_word' id='word_1_422' title='bbox 729 4454 1045 4538; x_wconf 87' lang='grc' dir='ltr'><strong><em>πάρεστιν]</em></strong></span> <span class='ocrx_word' id='word_1_423' title='bbox 1113 4453 1340 4518; x_wconf 81' lang='lat' dir='ltr'><strong>Licet.</strong></span> <span class='ocrx_word' id='word_1_424' title='bbox 1419 4455 1688 4538; x_wconf 78' lang='lat' dir='ltr'><strong>Anglice</strong></span> <span class='ocrx_word' id='word_1_425' title='bbox 1754 4455 1813 4518; x_wconf 90' lang='lat' dir='ltr'><strong>it</strong></span> <span class='ocrx_word' id='word_1_426' title='bbox 1879 4456 1941 4518; x_wconf 80' lang='lat' dir='ltr'><strong>is</strong></span> <span class='ocrx_word' id='word_1_427' title='bbox 2005 4454 2361 4539; x_wconf 72' lang='lat' dir='ltr'><strong>possible.</strong></span> <span class='ocrx_word' id='word_1_428' title='bbox 2535 4454 2804 4541; x_wconf 76' lang='grc' dir='ltr'><strong><em>ἐφίεσαι]</em></strong></span> 
     </span>
     <span class='ocr_line' id='line_1_44' title="bbox 354 4542 766 4628; baseline 0 -21"><span class='ocrx_word' id='word_1_429' title='bbox 354 4542 603 4628; x_wconf 83' lang='lat' dir='ltr'><strong>Cupis.</strong></span> <span class='ocrx_word' id='word_1_430' title='bbox 757 4561 766 4571; x_wconf 88' lang='lat'><strong>·</strong></span> 
     </span>
    </p>
   </div>
   <div class='ocr_carea' id='block_1_9' title="bbox 3432 1955 3438 3433">
    <p class='ocr_par' dir='ltr' id='par_1_12' title="bbox 3432 1955 3438 3433">
     <span class='ocr_line' id='line_1_45' title="bbox 3432 1955 3438 3433; baseline 0 0"><span class='ocrx_word' id='word_1_431' title='bbox 3432 1955 3438 3433; x_wconf 95' lang='lat' dir='ltr'><strong><em> </em></strong></span> 
     </span>
    </p>
   </div>
  </div>
 </body>
</html>
