3463 5287
1403 411 1793 458 mmmm-rm
2694 393 2769 455 41
2787 394 2824 455 3

550 573 697 635 431.
746 570 949 654 σοφὸς
1011 569 1385 655 παλαιστὴς]
1462 571 1553 635 Cf.
1610 573 1690 635 ad
1757 571 1849 635 ΕΙ.
1912 573 2101 637 1370.
2180 571 2403 636 Aesch.
2461 572 2578 655 Ag.
2642 571 2827 633 1206.

372 662 503 725 ἀλλ’
549 660 630 744 ἦν
674 660 1017 743 παλαιστὴς
1062 661 1238 743 κάρτ’
1287 661 1429 744 ἐμοὶ
1472 661 1686 725 πνέων
1730 662 1931 745 χάριν.

551 753 699 817 434.
747 749 822 814 τὰ
870 749 1162 835 φίλτατα]
1211 750 1299 815 Cf.
1350 749 1496 813 Eur.
1534 751 1672 814 Alc.
1708 752 1855 814 340.
1903 750 1979 815 σὺ
2028 752 2087 815 δ’
2135 750 2469 814 ἀντιδοῦσα
2516 755 2625 832 τῆς
2671 750 2830 833 ἐμῆς

370 840 443 903 τὰ
492 840 750 923 φίλτατα
793 838 802 925 Ι
842 846 1058 923 ψυχῆς
1104 842 1340 922 (ψυχῆς
1384 838 1529 921 μῬ)
1576 840 1839 911 ἔσωσας.
1887 841 2115 906 Aesch.
2164 840 2334 905 Pers.
2384 841 2532 903 851.
2580 839 2658 902 οὗ
2707 838 2828 920 γὰρ

369 929 442 992 τὰ
491 929 728 1012 φίλτατ’
777 930 843 992 ἐν
888 934 1114 1000 κακοῖς
1158 928 1602 1011 προδώσομεν.

553 1020 699 1082 435.
748 1017 1078 1101 τεθνηκὼς
1124 1016 1227 1102 ἦν]
1277 1015 1364 1081 Cf.
1411 1018 1507 1081 Tr.
1557 1019 1703 1080 247.
1749 1018 1963 1102 βεβὼς
2007 1017 2103 1102 ἦν.
2157 1020 2299 1083 165.

552 1108 681 1171 436
716 1127 807 1190 sq.
858 1105 946 1171 Cf.
980 1106 1079 1170 Fr.
1113 1107 1261 1170 498.
1309 1107 1480 1191 φιλεῖ
1518 1105 1639 1191 γὰρ
1686 1108 1926 1191 ἄνδρας
1970 1109 2251 1190 πόλεμος
2297 1109 2585 1192 ἀγρεύειν
2630 1108 2827 1176 νέους.

374 1197 473 1261 Fr.
523 1198 668 1261 649.
716 1196 863 1267 τοὺς
908 1197 1177 1278 εὐγενεῖς
1230 1195 1352 1278 γὰρ
1409 1195 1745 1278 κάγαθοὺς
1793 1234 1876 1243 -
1924 1198 2095 1280 φιλεῖ
2127 1202 2136 1281 1
2168 1198 2356 1281 Ἀρης
2402 1197 2681 1279 ἐναίρειν.
2728 1196 2827 1261 Fr.

378 1288 524 1369 652,
561 1289 618 1350 4.
652 1287 848 1370 Ἄρης
894 1285 1015 1370 γὰρ
1048 1285 1239 1350 οὐδὲν
1267 1290 1397 1349 τῶν
1441 1290 1667 1350 κακῶν
1696 1286 2012 1362 λωτίζεται
2043 1288 2158 1369 (Sic
2188 1286 2373 1367 Keil).
2421 1285 2655 1370 Adesp.
2683 1287 2828 1348 344.

374 1376 563 1440 οὐδὲν
616 1375 821 1440 κακὸν
876 1374 998 1457 γὰρ
1053 1374 1294 1458 ῥᾳδίως
1349 1375 1703 1439 ἀπόλλυται.
1780 1376 2009 1440 Anacr.
2059 1375 2270 1460 Epigr.
2323 1374 2464 1439 101.
2515 1375 2712 1458 Ἄρης
2768 1373 2828 1438 δ’

376 1466 496 1529 οὐκ
561 1465 833 1547 ἀγαθῶν.
877 1465 1152 1547 φείδεται
1216 1464 1370 1528 ἀλλὰ
1435 1468 1676 1528 κακῶν.
1742 1466 1973 1530 Aesch.
2023 1465 2118 1529 Fr.
2170 1467 2268 1528 94.
2334 1463 2484 1528 Eur.
2533 1464 2630 1528 Fr.
2684 1465 2827 1527 728.

376 1555 570 1619 Arist.
618 1555 774 1618 Ach.
826 1555 970 1619 977.

553 1644 700 1707 438.
749 1643 839 1708 Cf.
894 1642 989 1706 ΕΙ.
1052 1644 1239 1707 1224.
1303 1643 1454 1707 Eur.
1503 1642 1601 1706 Fr.
1653 1645 1800 1728 321,
1853 1645 1906 1707 1.
1975 1648 2414 1727 συμμαρτυρῶ
2478 1664 2601 1707 σοι·
2666 1667 2826 1707 παν-

373 1739 570 1816 ταχοῦ
616 1733 996 1815 λελείμμεθα
1043 1732 1169 1796 κτλ.
1217 1734 1366 1796 Ant.
1416 1732 1561 1795 846.
1611 1734 2084 1816 ξυμμάρτυρας.
2135 1733 2279 1797 Eur.
2326 1733 2463 1816 Iph.
2511 1732 2587 1796 A.
2641 1733 2827 1796 1158.

552 1823 699 1885 439.
746 1821 1159 1906 ἐξερήσομαι]
1227 1820 1315 1886 Cf.
1366 1823 1462 1905 Aj.
1515 1822 1657 1886 103.
1721 1822 1764 1905 ἦ
1809 1823 2246 1905 τοῦπίτριπτον
2290 1821 2550 1892 κίναδος
2595 1822 2828 1905 ἐξήρου

372 1911 443 1994 μ’
491 1911 691 1989 ὅπου,·
765 1910 864 1977 De
926 1912 1209 1996 genitivo
1273 1912 1491 1994 φωτὸς
1554 1912 1628 1975 ef.
1677 1913 1827 1974 441.
1890 1912 1986 1975 Tr.
2037 1913 2181 1976 928.
2233 1912 2421 1974 1122.
2488 1912 2586 1994 Aj.
2643 1913 2827 1975 1236.

375 2004 524 2064 Ant.
576 2002 763 2065 1182.
812 1999 906 2064 ΕΙ.
956 2001 1100 2064 317.
1148 2000 1297 2065 Eur.
1345 2001 1585 2065 Phoen.
1639 2002 1827 2064 1343.
1876 2000 2063 2065 Hom.
2113 2000 2227 2065 Od.
2282 2001 2381 2081 11,
2435 2002 2577 2064 173.
2639 2034 2655 2048 ·

553 2091 701 2153 440.
749 2088 991 2174 σοφοῦ]
1060 2089 1264 2154 Sensu
1314 2109 1525 2174 pravo.
1604 2089 1692 2154 cf.
1741 2089 1889 2154 Eur.
1938 2090 2137 2154 Andr.
2188 2091 2332 2154 938.
2398 2096 2643 2174 σοφῶν,
2703 2114 2825 2154 πα-

377 2179 685 2261 νούργων,
731 2180 1038 2243 ποικίλων
1083 2179 1483 2263 λαλημάτων.
1530 2179 1666 2242 Alc.
1703 2181 1805 2243 58.
1940 2181 1998 2242 τί
2024 2185 2138 2243 νῦν
2168 2178 2378 2263 κυρεῖ]
2427 2177 2516 2242 Cf.
2553 2178 2646 2243 El.
2683 2181 2828 2243 799.

376 2270 434 2333 εἰ
471 2267 608 2332 τάδ’
655 2267 725 2333 εὖ
772 2275 966 2351 κυρεί
1017 2267 1165 2332 Eur.
1214 2268 1450 2333 Phoen.
1502 2268 1647 2332 174.
1691 2269 1781 2339 τίς
1826 2274 2031 2351 κυρεῖ,
2079 2270 2152 2339 ὃς
2201 2293 2318 2345 —,·

552 2360 697 2423 441.
745 2360 933 2422 ποίου
982 2358 1052 2422 δὲ
1097 2358 1320 2422 τούτου
1356 2357 1472 2442 -]
1529 2356 1577 2420 I.
1626 2378 1678 2423 e.
1726 2354 1912 2427 οὗτος
1958 2358 2027 2422 δὲ
2073 2358 2216 2440 περὶ
2262 2355 2341 2421 οὗ
2388 2358 2547 2442 ἐρεῖς
2591 2358 2829 2440 (λέγεις)

372 2446 556 2518 ποῖός
619 2448 780 2511 ἔστιν
842 2448 1006 2531 πλήν
1072 2471 1140 2530 γε
1204 2448 1285 2530 (εἰ
1321 2446 1438 2531 μὴ)
1492 2445 1875 2523 Ὀδυσσεύς,·
1952 2447 2041 2512 Of.
2092 2450 2171 2510 57
2180 2449 2237 2510 2.
2293 2447 2457 2530 πρὸς
2511 2452 2699 2511 ποῖον
2745 2445 2827 2510 αὗ

371 2536 542 2600 τόνδ’
598 2536 786 2608 αὐτὸς
841 2535 1188 2607 οὑδυσσεὺς
1241 2537 1441 2612 ἔπλει,·
1511 2537 1697 2600 1204.
1754 2542 1941 2601 ποῖον
1995 2537 2155 2619 ἐρεῖς
2214 2536 2350 2600 τόδ’
2406 2538 2590 2614 ἔπος,·
2656 2536 2726 2599 Ο.
2761 2534 2827 2599 C.

378 2627 524 2690 388.
588 2627 818 2691 ποίοισι
881 2626 1154 2703 τούτοις;
1227 2627 1374 2691 Ant.
1440 2626 1623 2691 1049.
1687 2632 1875 2691 ποῖον
1937 2632 2121 2691 τοῦτο
2192 2626 2543 2712 πάγκοινον
2604 2625 2830 2709 λέγεις,·

376 2717 477 2798 Aj.
526 2719 628 2780 46.
692 2718 924 2780 ποίαισι
980 2716 1237 2799 τόλμαις
1290 2716 1531 2794 ταῖσδε,·
1578 2715 1649 2781 Ο.
1680 2715 1756 2780 R.
1806 2718 1951 2784 571.
2094 2717 2282 2781 ποίου
2332 2754 2413 2763 -
2463 2714 2687 2800 ἔρεῖς,·]
2736 2715 2827 2779 Of.

374 2807 474 2888 Aj.
530 2806 714 2868 1236.
760 2807 950 2869 ποίου
995 2807 1318 2889 κέκραχας
1372 2805 1609 2889 ἀνδρὸς
1654 2804 1776 2872 ὧδ’
1829 2807 2237 2890 ὗπέρφρονα;
2282 2805 2377 2869 ΕΙ.
2416 2807 2603 2870 1349.
2653 2805 2723 2869 Ο.
2757 2804 2828 2869 R.

380 2896 523 2958 102.
570 2896 759 2958 ποίου
807 2894 927 2977 γὰρ
975 2895 1211 2978 ἀνδρὸς
1255 2895 1441 2978 τήνδε
1484 2896 1709 2978 μηνύει
1754 2897 1980 2979 τύχην,·

555 2987 702 3047 442.
751 2985 828 3047 οὗ
874 2990 1096 3048 τοῦτον
1140 2983 1334 3058 εἷπον,
1387 2984 1543 3048 ἀλλὰ
1591 2983 1709 3068 -]
1779 2985 1872 3049 Cf.
1921 2985 2110 3049 Arist.
2160 2985 2314 3048 Aah.
2348 2985 2495 3062 422.
2544 2985 2622 3047 οὗ
2677 2983 2828 3046 Φοί-

374 3097 575 3147 νικος,
623 3076 728 3148 οὒ,
771 3074 780 3156 Ι
821 3073 954 3136 ἀλλ’
1002 3075 1212 3156 ἕτερος
1257 3073 1337 3156 ἦν
1391 3073 1685 3144 Φοίνικος
1731 3074 2135 3155 ἀθλιώτερος.

553 3165 701 3226 443.
750 3164 871 3228 οὐκ
917 3165 997 3226 ἂν
1043 3162 1245 3247 εἵλετ’]
1295 3163 1439 3246 Leg.
1488 3164 1608 3226 οὐκ
1654 3164 1736 3225 ἂν
1779 3162 1986 3246 ᾗδεῒτ’.
2066 3163 2153 3226 Cf.
2204 3163 2429 3227 Aesch.
2474 3161 2647 3225 Pers.
2682 3162 2827 3225 810.

377 3255 455 3317 οὗ
502 3253 678 3316 θεῶν
721 3254 911 3337 βρέτη
955 3252 965 3334 Ι
1004 3253 1279 3336 ᾐδοῦντο
1326 3252 1536 3316 συλᾶν.
1701 3253 1967 3326 εἰσάπαξ
2012 3251 2224 3334 εἰπεῖν]
2291 3251 2380 3315 Cf.
2429 3248 2579 3314 Eur.
2629 3252 2829 3314 Andr.

380 3345 525 3405 944.
573 3342 706 3406 ἀλλ’
754 3341 973 3406 οὔποτ’
1021 3342 1264 3406 οὔποτ’·
1313 3343 1391 3406 οὔ
1439 3341 1560 3424 γὰρ
1607 3342 1873 3415 εἰσάπαξ
1912 3342 2059 3422 ἐρῶ.
2196 3341 2362 3403 ὅπου
2401 3339 2626 3423 μηδεὶς
2671 3339 2828 3422 ἐῴη]

378 3431 425 3495 I.
473 3450 525 3495 e.
574 3431 683 3495 ubi
733 3451 988 3496 omnes
1036 3438 1399 3496 vetarent
1478 3430 1566 3495 Cf.
1616 3433 1712 3514 Aj.
1767 3430 1954 3493 1184.
2001 3432 2123 3493 κᾶν
2166 3429 2389 3512 μηδεὶς
2435 3429 2524 3512 ἐᾷ’.

556 3521 683 3583 446
718 3541 808 3604 sq.
858 3521 947 3586 Of.
998 3520 1096 3584 Fr.
1145 3521 1292 3604 657,
1340 3523 1396 3583 2.
1461 3519 1607 3590 τοὺς
1670 3521 1938 3601 εὐγενεῖς
2002 3519 2124 3602 γὰρ
2178 3517 2538 3602 κάγαθοὺς,
2595 3516 2652 3582 ὦ
2698 3524 2828 3590 παῖ’,

376 3611 545 3693 φιλεῖ
577 3610 586 3694 Ι
613 3610 808 3693 Ἄρης
854 3610 1132 3692 ἐναίρειν.
1181 3609 1278 3673 Fr.
1313 3611 1462 3691 657,
1493 3614 1550 3674 4.
1584 3609 1780 3692 Ἄρης
1826 3609 1947 3691 γὰρ
1980 3609 2169 3673 οὐδὲν
2212 3614 2341 3672 τῶν
2386 3613 2612 3673 κακῶν
2649 3608 2827 3672 λωτί-

376 3702 554 3775 ζεται.
600 3700 780 3783 Trag.
829 3700 1036 3783 adesp.
1088 3701 1232 3762 344.
1282 3700 1471 3763 οὐδὲν
1514 3699 1720 3763 κακὸν
1767 3698 1943 3781 (γὰρ)
1989 3698 2231 3781 ῥᾳδίως
2276 3698 2632 3761 ἀπόλλυται.

556 3792 703 3853 446.
752 3789 990 3874 ἔμελλ’]
1057 3789 1146 3854 Cf.
1195 3791 1343 3853 Ant.
1394 3790 1540 3852 448.
1603 3789 1759 3872 ᾔδη·
1824 3789 1881 3850 τί
1933 3787 1993 3851 δ’
2042 3789 2161 3851 οὐκ
2217 3787 2510 3870 ἔμελλον,·
2574 3788 2830 3870 ἐμφανῆ

378 3878 456 3960 γὰ
554 3878 641 3942 ’ν.
1568 3875 1577 3880 “

461 3903 499 3963 ρ
546 3905 703 4031 7447.
751 3966 821 4033 εὗ
868 3967 1385 4053 περιστέλλουσιν]
1443 3967 1534 4032 Cf.
1583 3969 1683 4051 Aj.
1730 3968 1879 4031 821.
1935 3968 2136 4049 ἔπηξα
2194 3966 2253 4029 δ’
2299 3966 2493 4031 αὐτὸν
2538 3964 2608 4029 εὖ
2654 3990 2827 4048 περι-

366 4058 614 4127 στείλας
660 4058 804 4139 ἐγώ.
853 4057 1003 4121 Eur.
1036 4056 1203 4122 Med.
1242 4058 1427 4120 1034.
1468 4056 1575 4120 καὶ
1605 4057 2055 4120 κατθανοῦσαν
2099 4056 2310 4138 χερσὶν
2340 4053 2411 4119 εὖ
2442 4056 2828 4137 περιστελεῖν.

382 4148 526 4208 582.
584 4146 835 4230 γλώσσῃ
896 4146 1018 4229 γὰρ
1065 4147 1280 4229 αὐχεῖν
1334 4144 1533 4209 τᾶδικ’
1590 4144 1659 4209 εὗ
1706 4147 2094 4228 περιστελεῖν.
2151 4144 2340 4209 Herc.
2395 4145 2580 4207 1129.
2627 4144 2701 4207 τὰ
2749 4144 2827 4208 σὰ

376 4235 774 4316 περιστέλλου
820 4237 1008 4300 κακά.
1059 4235 1162 4298 Or.
1214 4236 1402 4299 1066.
1458 4235 1609 4298 Eur.
1657 4235 1754 4297 Fr.
1803 4237 1950 4298 463.
1998 4235 2055 4297 εἷ
2097 4234 2154 4296 δ’
2203 4232 2318 4297 οὖν
2365 4234 2603 4316 γένοιτο
2649 4234 2828 4316 (ἄτη),

377 4325 500 4407 χρὴ
568 4325 934 4406 περιστεῖλαι
999 4325 1213 4395 καλῶς
1262 4324 1271 4407 Ι
1319 4324 1673 4407 κρύπτοντα
1739 4324 1847 4387 καὶ
1901 4323 1999 4407 ,μὴ
2066 4329 2218 4386 πᾶσι
2283 4323 2619 4407 κηρύσσειν
2683 4324 2830 4385 τάδε

380 4414 658 4496 (κακάΡ).
737 4413 1044 4478 Similiter
1096 4415 1413 4496 περιέπειν
1465 4413 1595 4476 τινὰ
1644 4411 1714 4477 εὖ
1771 4412 2003 4477 Herod.
2055 4412 2197 4477 VII.
2251 4414 2392 4475 182.
2441 4419 2555 4476 ete.
2695 4413 2828 4475 δαί-

375 4503 599 4589 μονες]
647 4502 695 4566 1.
745 4523 801 4587 q.
848 4504 1005 4567 θεοί.
1084 4501 1174 4565 Cf.
1223 4504 1369 4565 462.
1416 4503 1512 4568 Tr.
1561 4503 1705 4565 280.
1755 4509 1868 4567 etc.
