3463 5287
712 406 840 468 292
1729 420 1985 469 olmffus
2029 422 2155 467 mcx

711 583 930 654 κακός.
995 583 1181 648 Alex.
1229 602 1387 648 com.
1434 581 1550 645 III.
1598 584 1745 645 453.
1812 584 1870 649 εἰ
1925 582 2016 665 μὴ
2076 581 2198 664 γὰρ
2244 583 2342 645 ὢν
2404 581 2756 662 ἄνθρωπος
2811 580 3168 663 ἀνθρώπου

711 673 926 755 τύχαις
966 673 975 749 Ι
1017 673 1424 756 ὑπηρέτησω,
1471 677 1599 735 ποῦ
1645 673 2017 754 φανήσομαι
2063 676 2362 753 φρονῶν,·
2409 669 2479 734 Ο.
2512 669 2584 731 R.
2634 671 2780 732 217.
2830 668 2987 734 O.C.
3024 671 3168 733 283.

712 761 880 826 Xon.
930 760 1114 828 Mem.
1162 761 1210 824 I.
1260 764 1317 825 4.
1362 762 1462 823 13.
1509 767 1640 831 ταῖς
1684 761 1898 830 νόσοις
1943 760 2371 842 ἐπικουρῆσαι.
2420 758 2943 842 Antiphont.111.
2977 761 3035 821 4.
3074 761 3168 821 10.

713 857 845 921 ταῖς
913 851 1189 933 ἀτυχίαις
1251 850 1659 933 βοηθοῦντες.
1730 849 1986 913 Isocrat.
2048 848 2154 911 IV.
2215 849 2314 911 56.
2380 850 2704 931 βοηθῆσαι
2766 854 2896 918 ταῖς
2959 849 3171 911 αὑτῶν

713 945 1092 1022 συμφοραῖς.
1160 939 1357 1023 Epist.
1407 940 1465 1020 9,
1515 939 1613 1002 16.
1679 937 1741 1001 S.
1788 937 1978 1002 Marc.
2025 937 2268 1021 Evang.
2316 935 2430 1000 IX.
2481 940 2582 999 24.
2637 938 2867 1020 βοήθει
2920 961 3050 1019 μου
3095 944 3170 1020 τῇ

716 1030 1040 1181 &afflig-8·
1088 1116 1288 1201 ἀλκὴν
1338 1154 1421 1164 -
1466 1115 1716 1200 κακῶν]
1796 1114 1886 1179 Of.
1935 1115 2083 1178 Eur.
2131 1116 2330 1180 Andr.
2381 1117 2482 1177 28.
2548 1115 2749 1199 ἀλκήν
2802 1115 2913 1178 τιν’
2969 1116 3171 1198 εὑρεῖν

717 1206 1179 1289 κάπικούρησιν
1224 1205 1700 1288 (κάπικούφισιν
1728 1212 1900 1270 recte
1932 1204 2166 1284 Herw.)
2197 1209 2438 1268 κακῶν.
2489 1204 2592 1268 Or.
2630 1206 2817 1267 1341.
2865 1207 3171 1286 οἴκτειρον

713 1298 885 1379 ἡμᾶς
929 1296 1399 1378 κάπικούφισον
1444 1300 1685 1359 κακῶν.
1734 1294 1829 1357 ΕΙ.
1881 1296 1981 1358 72.
2045 1294 2305 1377 μόχθου
2357 1295 2876 1376 ’πικουφίζουσαν
2923 1297 3051 1374 (σε).

894 1386 1040 1449 219.
1087 1384 1366 1469 &yth—J
1415 1384 1559 1449 Scil.
1591 1385 1711 1466 ἔπη
1746 1384 1958 1466 (216).
2094 1384 2506 1457 ξένος-τοῦ
2539 1382 2766 1467 λόγου]
2816 1385 2876 1447 Α
2923 1390 3171 1447 stran-

715 1494 850 1560 ger
914 1480 982 1538 te
1047 1475 1197 1539 this
1263 1493 1584 1537 rumour.
1660 1472 1855 1536 Nulla
1917 1472 2087 1536 enim
2138 1474 2448 1556 oppositio
2508 1472 2612 1535 hio
2667 1472 2739 1535 fit
2784 1475 2948 1536 inter
2993 1475 3172 1547 ξένος

717 1563 1069 1645 (advena)
1117 1569 1180 1626 et
1224 1562 1410 1634 ἀστός
1456 1562 1734 1642 (civis).
1814 1560 1900 1624 of.
1947 1561 2246 1645 Hippoor.
2295 1582 2350 1645 p.
2402 1563 2548 1644 229,
2586 1563 2682 1625 12.
2728 1567 2839 1625 τοῦ
2886 1563 3168 1644 πνεύμα-

713 1676 822 1723 τος
884 1653 1092 1735 ῥεῦσις
1157 1653 1552 1735 ξενικωτότη.
1619 1650 1778 1715 Plat.
1825 1651 2010 1734 Apol.
2062 1651 2140 1714 17
2180 1648 2251 1712 D.
2318 1651 2517 1723 ξένως
2569 1652 2710 1733 ,ἔχω
2773 1658 2883 1734 τῆς
2938 1651 3171 1715 ἐνθάδε

717 1743 965 1816 λέξεως.
1102 1740 1276 1805 τοῦδ’
1323 1739 1557 1825 ἐξερῶ]
1608 1739 1697 1804 Of.
1746 1740 1825 1803 ad
1872 1742 1970 1823 Aj.
2023 1740 2209 1802 1101.
2256 1738 2369 1803 Ph.
2420 1742 2521 1802 22.

898 1832 1047 1894 220.
1095 1830 1173 1894 οὗ
1221 1829 1343 1912 γὰρ
1388 1832 1468 1893 ἂν
1501 1828 1618 1913 -]
1666 1829 1782 1893 Ita
1828 1831 2027 1894 enim
2073 1829 2274 1908 (ξένος
2311 1830 2407 1891 ὢν
2436 1835 2548 1892 τοῦ
2579 1828 2973 1911 πρόγματος)
3022 1849 3169 1893 non

717 1921 1141 2004 potuissem
1199 1939 1423 2003 porro
1479 1938 1640 1984 rem
1694 1919 2199 2001 investigare,
2255 1918 2550 1981 nullum
2610 1918 2988 1981 indicium
3046 1918 3171 1981 ha-

721 2010 924 2073 bens.
1003 2009 1093 2073 Cf.
1142 2010 1243 2072 82.
1313 2008 1447 2072 ἀλλ’
1513 2009 1757 2072 εἰκάσαι
1818 2007 1938 2090 μὲν
2001 2006 2184 2089 ἡδύς·
2251 2008 2331 2071 οὗ
2394 2007 2515 2090 γὰρ
2571 2009 2651 2071 ἂν
2697 2043 2781 2054 -
2829 2005 2950 2072 ὧδ’
2998 2008 3172 2088 εἷρπε

716 2099 842 2162 κτλ.
910 2099 1055 2162 318.
1121 2098 1199 2161 οὗ
1264 2098 1386 2180 γὰρ
1452 2099 1533 2161 ἂν
1598 2096 1771 2179 δεῦρ’
1827 2097 2077 2178 ἱκόμην.
2155 2096 2265 2161 Ph.
2314 2098 2460 2160 412.
2536 2097 2656 2160 οὐκ
2722 2097 2801 2180 ἦν
2872 2099 2955 2160 ἔτι
3021 2099 3170 2171 ζῶν,

718 2186 776 2252 ὦ
823 2185 972 2261 ξέν’·
1031 2187 1109 2250 οὗ
1156 2186 1277 2269 γὰρ
1323 2187 1402 2250 ἄν
1446 2210 1598 2250 ποτε
1653 2224 1722 2233 -
1778 2186 2097 2268 ἐσυλήθην
2142 2186 2287 2267 ἐγώ.
2337 2184 2408 2249 Ο.
2441 2184 2506 2249 C.
2544 2187 2686 2249 146.
2736 2186 2913 2270 δηλῶ
2962 2186 3044 2249 δ’·
3093 2188 3171 2250 οὗ

719 2276 841 2359 γὰρ
895 2278 975 2340 ἂν
1020 2274 1140 2341 ὧδ’
1191 2311 1270 2322 -
1321 2276 1556 2357 εἷρπον.
1605 2276 1708 2340 99.
1756 2274 1850 2337 ΕΙ.
1903 2277 2090 2338 1448.
2139 2274 2378 2348 ἔξοιδα,
2424 2280 2568 2346 πῶς
2614 2275 2735 2358 γὰρ
2782 2276 2956 2358 οὖχί,·
3010 2299 3168 2358 συμ-

719 2371 931 2517 ῗεῖες
975 2365 1113 2518 35:10..
1145 2365 1562 2518 Ἐκεῖ
2116 2364 2669 2535 ezzo-0223·
2699 2364 3170 2537 :geza-,2323-

718 2549 890 2620 κῶν,·
938 2543 947 2626 Ι
999 2541 1147 2607 ΠΟ.
1214 2543 1291 2606 οὗ
1357 2542 1478 2624 γάρ
1539 2542 1681 2606 ποτ’
1727 2544 1809 2605 ἂν
1872 2542 1949 2605 σύ
2012 2540 2084 2624 μ’
2157 2542 2310 2612 εἷλες
2382 2540 2515 2606 ὦδε
2589 2542 2704 2606 σὺν
2782 2543 2970 2626 δόλῳ.
3035 2543 3171 2627 Iph.

717 2632 781 2697 T.
843 2633 1029 2697 1201.
1105 2629 1307 2696 Orest.
1377 2632 1521 2696 705.
1596 2633 1789 2696 Arist-
1857 2630 1950 2695 ΡΙ.
2007 2633 2154 2695 427.
2227 2631 2508 2715 Thucyd.
2563 2632 2705 2696 VII.
2757 2634 2855 2697 51.
2912 2633 3047 2718 Iph.
3096 2639 3171 2696 A.

725 2722 911 2785 1256.
988 2722 1157 2804 φιλῶ
1228 2721 1280 2784 τ’
1356 2721 1633 2803 ἐμαυτοῦ
1714 2723 1926 2785 τέκνα·
2001 2722 2346 2805 μαινοίμην
2427 2721 2549 2804 γὰρ
2632 2722 2725 2785 ἄν.
2810 2724 3001 2786 Arist.
3063 2722 3171 2785 Th.

727 2811 915 2875 1014.
962 2813 1096 2893 ἥξει
1159 2835 1242 2893 με
1306 2812 1566 2874 σώσων·
1634 2811 1712 2874 οὔ
1779 2810 1900 2892 γὰρ
1963 2812 2043 2873 ἂν
2088 2812 2453 2893 παρέπτετο.
2520 2810 2682 2874 Nub.
2732 2813 2878 2874 227.
2926 2812 3003 2875 οὗ
3051 2811 3172 2894 γὰρ

720 2901 800 2963 ἄν
867 2923 1019 2963 ποτε
1081 2901 1090 2981 Ι
1140 2900 1410 2983 ἐξηῦρον
1485 2900 1707 2982 ὀρθῶς
1778 2899 1852 2962 τὰ
1916 2900 2205 2982 μετέωρα
2277 2902 2647 2982 πράγματα,
2708 2900 2717 2983 Ι
2775 2902 2833 2963 εἰ
2889 2902 2980 2984 μὴ
3045 2901 3172 2964 κτλ.

719 2988 878 3053 Plat.
927 2989 1142 3073 Symp.
1196 2990 1321 3052 175
1354 2988 1430 3053 D.
1499 2989 1692 3073 δῆλον
1757 2989 1848 3052 ὅτι
1912 2985 2102 3071 ηὗρες
2165 2988 2319 3052 αὐτὸ
2382 2989 2489 3052 καὶ
2542 2991 2726 3072 ἔχεις·
2793 2991 2870 3053 οὗ
2928 2989 3048 3072 γὰρ
3095 2992 3175 3053 ἂν

719 3080 1138 3162 προαπέστης.
1273 3077 1533 3160 μακρὰν
1578 3076 1849 3161 ἴχνευον]
1899 3076 1985 3140 Cf.
2016 3077 2111 3141 Tr.
2148 3080 2293 3142 317.
2327 3078 2465 3141 οὐδ’
2498 3079 2869 3159 ἀνιστόρουν
2897 3079 3173 3162 μακράν.

723 3170 822 3251 Aj.
877 3168 1062 3231 1040.
1108 3167 1199 3251 μὴ
1247 3173 1402 3231 τεῖνε
1444 3168 1718 3249 μακράν.
1855 3173 1967 3230 τοῦ
2013 3167 2443 3253 πραχθέντος]
2491 3168 2539 3231 Ι.
2589 3187 2641 3250 e,
2688 3168 2903 3233 caedis
2948 3166 3100 3232 Laii.

902 3258 1047 3319 221.
1094 3257 1184 3340 μὴ
1236 3258 1357 3320 οὐκ
1403 3258 1573 3339 ἔχων
1617 3281 1670 3320 τι
1716 3255 2066 3340 σύμβολον]
2132 3255 2376 3338 Redde,
2440 3257 2498 3320 ‘1
2562 3257 2786 3321 should
2846 3263 2959 3321 not
3013 3259 3174 3321 have

723 3346 1146 3430 investigated
1212 3347 1264 3408 it
1328 3345 1441 3408 far
1498 3351 1627 3410 not
1691 3346 1973 3429 having
2027 3363 2172 3427 any
2230 3345 2373 3409 elue
2420 3353 2482 3410 to
2549 3345 2635 3410 it.’
2710 3345 2905 3410 ‘Nisi
2968 3346 3175 3410 indi-

722 3436 926 3499 cium
992 3434 1308 3517 aliquod
1374 3433 1760 3499 haberem’
1825 3437 2017 3499 vertit
2078 3433 2395 3515 Dindorf.,
2448 3436 2772 3519 σύμβολον
2827 3435 2907 3499 ad
2956 3455 3176 3499 orac-u-

726 3524 859 3587 lum
908 3523 986 3587 ab
1035 3523 1306 3589 Creonte
1354 3524 1611 3587 allatum
1646 3525 1822 3605 (242)
1860 3523 2261 3588 referendum
2311 3542 2448 3587 esse
2495 3525 2869 3606 admonens,
2916 3545 3000 3590 ex
3048 3544 3174 3608 quo

721 3619 1107 3695 cognoverat
1161 3613 1439 3698 Oedipus
1504 3632 1666 3697 quae
1731 3615 1837 3676 via
1899 3612 2022 3676 sibi
2089 3613 2507 3695 ingredienda
2570 3621 2748 3678 esset.
2835 3615 3037 3678 Schol.
3095 3614 3173 3677 οὗ

725 3702 846 3785 γὰρ
892 3705 971 3765 ἂν
1016 3703 1319 3766 τοσούτου
1366 3704 1548 3773 ὄντος
1592 3708 1703 3766 τοῦ
1736 3702 1974 3785 χρόνου
2006 3708 2118 3766 τοῦ
2148 3702 2384 3784 μεταξὺ
2417 3703 2757 3786 ἀνεζήτουν
2786 3703 2858 3766 τὸ
2887 3709 3172 3786 πρᾶγμα,

724 3792 927 3875 εἰμὴ
984 3792 1200 3874 ᾔδειν
1253 3791 1909 3875 καταληψόμενος.
1988 3791 2077 3854 Cf.
2125 3791 2204 3855 ad
2257 3793 2353 3854 12.
2403 3792 2474 3856 Ο.
2508 3792 2573 3856 C.
2624 3793 2769 3856 360.
2818 3795 2990 3875 ἥκεις
3054 3792 3176 3875 γὰρ

725 3881 803 3944 οὗ
866 3882 1017 3964 κενή
1097 3905 1166 3963 γε
1226 3918 1304 3927 -
1360 3881 1451 3964 μὴ
1528 3881 1670 3963 οὐχὶ
1745 3880 1906 3962 δεῖμ’
1971 3881 2112 3961 ἐμοὶ
2184 3882 2473 3962 φέρουσά
2545 3906 2615 3944 τι.
2690 3881 2868 3946 Dem.
2920 3881 3022 3945 Or.
3076 3884 3174 3945 18.

725 3970 763 4050 ξ
812 3971 957 4033 228.
1023 3970 1100 4033 οὐ
1165 3969 1287 4052 γὰρ
1350 3972 1431 4034 ἂν
1503 3970 1902 4053 μεταπείθειν
1966 3971 2133 4051 ὑμᾶς
2188 3971 2383 4053 ἐζήτει
2436 3972 2526 4053 μὴ
2576 3971 2696 4054 (μὴ
2747 3972 2898 4050 οὑΡ)
2962 3971 3173 4034 τοιαύ-

723 4082 833 4141 της
879 4059 1075 4142 οὔσης
1119 4065 1228 4142 τῆς
1273 4060 1686 4142 ὑπαρχούσης
1730 4059 2121 4141 ὑπόλήψεως
2165 4060 2308 4141 περὶ
2353 4060 2674 4142 ἑκατέρου.
2724 4060 2827 4124 Or.
2868 4062 2962 4124 18.
2998 4062 3036 4142 ξ
3073 4061 3174 4123 34.

722 4147 1251 4318 ἴέεᾝὴέγὲἷῦ
1273 4149 2229 4320 λέῗέἴγοοέήὸἒῖῗοὲπὲῗξῖἴζῖυ
2281 4148 2516 4302 ὅὲὅὲιῖ)
2559 4151 2686 4321 ἔξω
2703 4156 2860 4302 133⁹
2911 4155 3178 4321 ἔὲαῗέζ

725 4326 873 4409 ἐνῆν
916 4327 1006 4409 μὴ
1056 4326 1174 4410 (μὴ
1225 4327 1368 4401 οὑΡ)
1413 4328 2043 4409 παρακρουσθέντων
2088 4328 2276 4409 ὑμῶν
2320 4334 2525 4410 μεῖναι
2581 4328 2891 4410 Φιλίππῳ.
2939 4328 3177 4393 Herod.

727 4416 785 4492 6,
835 4417 891 4479 9.
945 4416 1454 4499 καταρρώδησαν
1506 4416 1597 4499 μὴ
1656 4418 1735 4480 οὔ
1794 4417 2045 4481 δυνατοὶ
2092 4419 2391 4499 γένωνται
2435 4418 2905 4501 ὑπερβαλέσθαι
2953 4454 3036 4463 -
3081 4417 3175 4500 μὴ

727 4504 848 4568 οὐκ
896 4505 1100 4574 ἐόντες
1145 4506 1589 4588 ναυκράτορες.
1658 4506 1715 4588 6,
1768 4508 1910 4570 106.
1976 4507 2096 4570 οὐκ
2163 4507 2595 4580 ἐξελεύσεσθαι
2659 4509 2905 4590 ἔφασαν
2957 4507 3048 4590 μὴ
3098 4508 3178 4570 οὗ
