3463 5287
624 398 754 461 276
1641 414 1895 461 ommes
1940 414 2063 460 mcx

622 581 685 641 et
729 576 883 640 alibi
929 593 1061 640 non
1105 594 1264 639 raro.
1341 574 1439 640 De
1486 576 1700 639 aoristi
1751 575 2030 658 optativo
2077 575 2149 638 cf.
2196 573 2295 637 Tr.
2332 573 2474 637 903.
2523 571 2809 655 κρύψασ’
2855 571 3095 654 ἑαυτὴν

622 666 780 730 ἔνθα
826 666 918 750 μή
967 690 1054 736 τις
1099 666 1331 730 εἰσίδοι.
1378 664 1635 729 Theocr.
1683 662 1899 727 XXV.
1946 665 2095 727 228.
2155 663 2531 745 δεδεγμένος
2577 661 2822 725 ὁππόθ’
2868 663 3091 725 ἵκοιτο.

805 756 905 817 73.
955 753 1040 818 Of.
1093 756 1238 818 963.
1285 754 1383 817 Tr.
1436 755 1578 818 173.
1628 754 1737 817 καὶ
1782 753 1984 817 τῶνδε
2031 753 2359 835 ναμέρτεια
2407 752 2735 834 συμβαίνει
2781 751 3025 833 χρόνου
3080 749 3087 836 J

621 850 733 909 τοῦ
790 850 905 908 νῦν
960 843 1305 925 παρόντος,
1371 843 1464 914 ὥς
1517 842 1883 925 τελεσθῆναι
1928 843 2155 925 χρεών.
2220 841 2370 904 Eur.
2421 841 2524 906 Or.
2578 842 2764 905 1213.
2829 840 2937 903 καὶ
3003 840 3087 921 δὴ

623 935 817 1005 πέλας
862 957 957 997 νιν
1024 933 1344 1015 δωμάτων
1409 931 1562 996 εῖναι
1611 932 1817 996 δοκῶ·
1859 933 1868 1014 Ι
1907 938 2019 996 τοῦ
2086 931 2207 1013 γὰρ
2262 930 2501 1013 χρόνου
2557 929 2627 994 τὸ
2672 936 2884 1012 μῆκος
2929 929 3090 992 αὐτὸ

624 1024 956 1106 συντρέχει.
1003 1022 1139 1086 1011.
1191 1024 1338 1085 547.
1385 1019 1510 1105 ἄρα
1561 1021 1694 1104 δῆτ’
1742 1021 1877 1084 ἐκεῖ
1913 1021 1984 1103 μ’
2030 1022 2304 1103 ἔφυσας,·
2362 1019 2423 1082 Ξ
2425 1017 2564 1084 OY.
2613 1027 2704 1101 τῷ
2749 1018 2967 1101 χρόνῳ
3018 1036 3091 1100 γε

625 1114 956 1196 συντρέχει.
1003 1111 1237 1175 Herod.
1285 1111 1332 1175 I.
1391 1112 1529 1174 116.
1596 1111 1638 1174 3
1679 1134 1743 1174 τε
1798 1111 2029 1193 χρόνος
2082 1116 2192 1193 τῆς
2247 1110 2537 1179 ἐκθέσιος
2590 1114 2665 1192 τῇ
2720 1108 2923 1190 ἡλικίῃ
2969 1113 3089 1171 τοῦ

628 1202 858 1272 παιδὸς
904 1201 1122 1265 ἐδόκεε
1168 1201 1549 1284 συμβαίνειν.
1615 1198 1725 1262 IV.
1780 1201 1921 1263 158.
1987 1199 2092 1262 καὶ
2139 1198 2246 1262 τὸν
2291 1199 2619 1262 κάλλιπον
2670 1202 2800 1260 τῶν
2845 1198 3093 1280 χώρων

627 1330 711 1338 -
760 1290 1351 1374 συμμετρησάμενοι
1396 1289 1508 1372 τὴν
1553 1289 1735 1372 ὥρην
1780 1295 1890 1371 τῆς
1934 1289 2203 1371 ἡμέρης,
2250 1288 2475 1358 νυκτὸς
2521 1293 2830 1370 παρῆγον.
2880 1285 3089 1349 801101.

630 1400 753 1445 rec.
799 1382 912 1443 καί
949 1403 1033 1462 με
1079 1379 1203 1462 ἤδη
1252 1378 1382 1442 ἀπὸ
1435 1384 1547 1443 τοῦ
1594 1383 1707 1441 νῦν
1754 1379 1963 1460 ἡμέρα
2011 1378 2539 1460 συνεξεταζομένη
2596 1383 2689 1458 τῷ
2733 1375 3090 1458 καθήκοντι

624 1470 844 1553 χρόνῳ
907 1469 1112 1542 λυπεῖ,
1178 1469 1541 1549 ἀποροῦντα
1610 1467 1896 1550 δηλονότι
1960 1467 2002 1530 3
2043 1491 2097 1530 τι
2150 1466 2417 1548 πράττει.
2495 1466 2587 1527 Gl.
2636 1465 2707 1528 B.
2771 1464 2949 1547 ἦμαρ
3013 1464 3089 1528 τὸ

628 1558 887 1628 ἕνεστός.

808 1649 908 1711 74.
954 1648 1141 1710 λυπεῖ
1176 1647 1234 1709 τί
1273 1645 1571 1730 πράσσει]
1628 1646 1972 1711 Reuders
2027 1664 2138 1709 me
2195 1664 2482 1726 uneasy
2541 1664 2620 1708 as
2666 1650 2738 1707 to
2787 1643 2948 1706 how
2995 1642 3090 1707 he

626 1740 692 1802 is
740 1736 1014 1820 faring.
1149 1741 1260 1799 τοῦ
1318 1735 1439 1817 γὰρ
1486 1735 1727 1806 εἰκότος
1772 1736 1935 1816 πέρα
1986 1731 2103 1820 -]
2164 1733 2256 1797 Cf.
2306 1733 2375 1798 Ο.
2410 1732 2472 1796 C.
2527 1734 2716 1796 1212.
2762 1732 2928 1803 ὅστις
2971 1739 3089 1796 τοῦ

626 1828 893 1897 πλέονος
936 1826 1178 1908 μέρους
1223 1825 1440 1908 χρῄζει
1485 1830 1596 1888 τοῦ
1642 1825 1898 1907 μετρίου
1945 1826 2109 1904 πέρα
2159 1821 2406 1908 (παρεὶς
2442 1823 2636 1906 vulg.)
2684 1823 2887 1896 ζώειν.
2943 1823 3087 1884 155.

627 1917 728 1998 Α]“.
781 1917 924 1979 794.
982 1915 1145 1978 ὥστε
1188 1913 1260 1997 μ’
1306 1914 1554 1978 ὠδίνειν
1598 1914 1657 1977 τί
1697 1915 1841 1996 φής.
1899 1911 2047 1976 Eur.
2094 1913 2249 1976 Ηο0.
2302 1914 2444 1976 185.
2501 1912 2801 1993 δειμαίνω
2849 1912 2906 1974 τί
2944 1914 3088 1973 ποτ’

628 2006 995 2075 ἀναστένεις.
1063 2005 1256 2067 Arist.
1304 2003 1462 2067 th.
1513 2005 1659 2067 361.
1723 2003 1892 2065 πάνυ
1941 2002 2062 2085 γὰρ
2119 2003 2233 2084 ἐμέ
2278 2026 2346 2083 γε
2390 2001 2602 2071 πόθος
2647 2001 2689 2064 3
2730 2023 2784 2062 τι
2829 2006 3090 2082 φρονεῖς

629 2097 771 2178 ἔχει.
821 2095 912 2158 Pl.
962 2094 1109 2157 679.
1173 2092 1475 2175 περιῆλθε
1538 2092 1685 2163 τοὺς
1740 2090 2009 2174 βωμοὺς
2063 2092 2344 2161 ἅπαντας
2398 2091 2465 2154 ἕν
2509 2090 2758 2171 κύκλῳ,
2801 2089 2809 2173 Ι
2851 2092 2915 2153 εἴ
2957 2113 3087 2152 που

630 2184 925 2247 πόπανον
971 2184 1063 2265 εἴη
1112 2206 1164 2244 τι
1209 2181 1787 2264 καταλελειμμένον.
1854 2181 1913 2244 N
1917 2180 2021 2243 ub.
2074 2181 2260 2244 1392.
2327 2179 2507 2262 οἶμαί
2556 2204 2626 2262 γε
2678 2184 2808 2242 τῶν
2862 2180 3087 2243 νεωτέ-

629 2296 766 2356 ρων
810 2271 919 2344 τὰς
963 2272 1231 2355 καρδίας
1273 2271 1488 2354 πηδᾶν
1532 2271 1574 2334 3
1615 2295 1668 2333 τι
1712 2270 1887 2344 λέξει.

812 2363 913 2425 75.
962 2360 1052 2425 Cf.
1103 2362 1249 2424 963.
1296 2360 1390 2423 Tr.
1445 2362 1587 2424 173.

814 2450 912 2512 77.
957 2450 1049 2533 μὴ
1102 2450 1300 2531 δρῶν]
1348 2449 1426 2512 Si
1472 2469 1617 2513 non
1664 2450 2009 2513 facerem.
2088 2448 2177 2513 cf.
2231 2450 2327 2511 13.

813 2541 912 2603 78.
960 2540 1023 2609 ἐς
1069 2538 1289 2623 καλόν]
1339 2538 1804 2623 Opportune,
1855 2537 2253 2601 commode.
2322 2536 2413 2600 Cf.
2448 2537 2602 2600 Plat.
2625 2535 2839 2620 Symp.
2869 2537 2993 2599 174
3016 2535 3086 2598 E.

634 2630 698 2700 ἐς
744 2627 941 2693 καλὸν
971 2629 1159 2712 ἥκεις.
1208 2627 1358 2692 Eur.
1391 2628 1580 2693 Hero.
1618 2629 1764 2692 728.
1812 2628 1874 2699 ἐς
1920 2627 2118 2692 καλὸν
2159 2627 2167 2710 Ι
2209 2629 2440 2710 στείχει.
2488 2624 2583 2689 ΕΙ.
2619 2628 2767 2690 384.
2812 2631 2926 2690 νῦν
2965 2626 3087 2709 γὰρ

636 2723 705 2783 ἐν
736 2719 917 2800 καλῷ
952 2724 1228 2802 φρονεῖν.
1275 2717 1441 2781 Xon.
1479 2717 1680 2781 Anab.
1727 2717 1838 2781 IV.
1877 2718 1931 2779 7.
1966 2720 2023 2780 3.
2071 2719 2157 2788 εἰς
2202 2717 2399 2780 καλὸν
2446 2718 2635 2798 ἥκεις.
2711 2715 2802 2780 Id.
2835 2715 3088 2799 alicubi,

633 2810 719 2879 εἷς
764 2808 961 2871 καλὸν
1006 2808 1154 2890 ὑμῖν
1201 2809 1639 2891 συντετύχηκα.
1717 2808 1823 2872 Sic
1869 2808 1932 2876 ἐς
1981 2807 2144 2879 δέον,
2192 2809 2259 2876 ἐς
2303 2806 2543 2887 καιρόν.

812 2899 914 2961 80.
962 2899 1019 2961 εἰ
1070 2896 1190 2980 γὰρ
1247 2897 1314 2960 ἐν
1366 2898 1521 2980 τύχῃ
1572 2898 1642 2978 γέ
1684 2896 1809 2981 τῳ]
1877 2896 1965 2960 Cf.
2013 2895 2108 2959 El.
2162 2896 2349 2959 1416.
2414 2897 2472 2959 εἰ
2523 2894 2643 2977 γὰρ
2692 2894 2984 2977 Αἰγίσθῳ
3031 2894 3088 2976 γ’

635 2987 821 3069 ὁμοῦ.
871 2985 943 3050 Ο.
976 2985 1041 3050 C.
1092 2986 1236 3049 500.
1285 2987 1513 3050 Aesoh.
1573 2985 1739 3070 Sept.
1795 2987 1943 3048 472.
2018 2983 2329 3067 πέμποιμ’
2394 2987 2472 3047 ἂν
2536 2984 2660 3067 ἤδη
2719 2984 2916 3057 τόνδε,
2973 2983 3091 3048 σὺν

632 3077 788 3159 τύχῃ
839 3076 910 3139 δέ
954 3100 1061 3159 τῳ.
1128 3075 1279 3140 ChO.
1331 3077 1475 3138 137.
1544 3076 1750 3139 ἐλθεῖν
1817 3075 1873 3138 δ’
1912 3074 2219 3157 Ὀρέστην
2278 3074 2469 3156 δεῦρο
2524 3073 2640 3137 σὺν
2695 3075 2850 3156 τύχῃ
2916 3073 3026 3136 τινὶ
3078 3072 3085 3155 Ι

636 3166 1029 3248 κατεύχομαί
1070 3189 1185 3229 σοι.
1320 3165 1476 3248 τύχῃ
1513 3202 1594 3210 -
1630 3163 1900 3248 σωτῆρι]
1949 3164 2042 3228 Cf.
2090 3164 2252 3228 Phil.
2304 3165 2491 3226 1471.
2542 3163 2764 3227 Aesch.
2799 3166 2917 3245 Ag.
2942 3162 3089 3224 673.

633 3257 789 3338 τύχη
841 3254 910 3318 δὲ
957 3255 1169 3337 σωτὴρ
1214 3260 1372 3317 ναῦν
1417 3253 1694 3318 στελοῦσ’
1744 3254 2014 3337 ἐφέζετο.
2074 3253 2238 3336 Sept.
2274 3254 2419 3316 210.
2467 3253 2809 3333 εὐπραξίας
2838 3288 2927 3298 --
2958 3275 3088 3315 σω-

633 3351 840 3427 τῆρος.
888 3342 1036 3406 Eur.
1085 3342 1247 3407 Med.
1291 3343 1436 3406 361.
1483 3344 1692 3426 χθόνα
1743 3349 1999 3425 σωτῆρα
2046 3346 2287 3406 κακῶν.
2336 3340 2428 3404 ΕΙ.
2465 3342 2609 3404 993.
2656 3341 2838 3424 τιμὰς
2883 3347 3088 3424 σωτῆ-

636 3457 769 3516 ρας.
907 3433 975 3496 ἕν
1020 3433 1173 3515 τύχῃ
1226 3469 1307 3478 -
1354 3432 1536 3517 βαίη]
1586 3432 1678 3496 Cf.
1728 3432 1807 3495 ad
1852 3432 1948 3495 El.
2002 3432 2189 3495 1056.

815 3523 917 3586 81.
964 3521 1256 3604 λαμπρὸς
1302 3560 1386 3568 -
1436 3521 1705 3606 ὄμματι]
1774 3520 1860 3584 Cf.
1916 3522 2011 3584 Tr.
2073 3523 2217 3584 379.
2283 3520 2322 3604 ἦ
2390 3521 2591 3603 κάρτα
2657 3519 2919 3602 λαμπρὰ
2984 3520 3091 3583 καὶ

636 3612 773 3675 κατ’
838 3612 1019 3694 ὄμμα
1084 3611 1190 3674 καὶ
1254 3612 1460 3694 φύσιν.
1527 3610 1598 3675 Ο.
1631 3612 1695 3676 O.
1748 3612 1892 3674 318.
1958 3611 2152 3674 Arist.
2210 3608 2323 3693 Eq.
2375 3611 2519 3673 550.
2594 3609 2867 3693 φαιδρὸς
2929 3610 3089 3691 λάμ-

636 3725 816 3765 ποντι
862 3701 1216 3783 προσώπῳ.
1296 3698 1411 3776 Qu.
1458 3700 1752 3783 λαμπρὸς
1799 3737 1882 3746 -—
1932 3701 2201 3781 εἰσορᾶν.

817 3792 917 3853 82.
967 3790 1045 3853 οὗ
1102 3789 1222 3872 γὰρ
1278 3791 1358 3853 ἂν
1406 3828 1488 3836 —
1538 3789 1743 3874 εἷρπε]
1821 3789 1971 3853 Sub.
2039 3792 2096 3852 εἰ
2143 3789 2235 3872 μὴ
2292 3787 2454 3872 ἡδὺς
2508 3786 2602 3870 ἦν.
2671 3786 2758 3851 Cf.
2810 3788 2956 3851 318.
3013 3788 3091 3851 οὗ

593 3879 761 3961 ’γὰρ
826 3881 905 3942 ἂν
973 3878 1145 3960 δεῦρ’
1210 3878 1459 3961 ἱκόμην.
1526 3877 1595 3942 Ο.
1630 3880 1695 3944 O.
1756 3881 1857 3942 98.
1918 3880 2061 3942 125.
2123 3880 2265 3942 148.
2327 3878 2471 3940 746.
2547 3875 2641 3939 ΕΙ.
2696 3878 3090 3941 .323.-1305.

773 3969 1013 4032 εἰκάσαι
1075 3967 1216 4052 μὲν]
1286 3965 1675 4043 Quatenus
1741 3969 2125 4049 conjicere
2189 3968 2389 4031 licet.
2549 3965 2730 4051 ἡδὺς]
2797 3966 3091 4031 Laetus».

639 4057 936 4141 Anglice‚
1002 4058 1374 4141 pleasant,
1451 4059 1521 4121 in
1593 4058 1758 4140 good
1833 4057 2121 4120 humour.
2210 4055 2299 4120 Cf.
2360 4058 2504 4120 929.
2581 4056 2629 4119 Ι.
2680 4077 2736 4140 q.
2803 4056 3091 4139 φαιδρός.

639 4147 743 4211 Sic
789 4147 1052 4228 τερπνὸς
1098 4147 1325 4211 Aesoh.
1373 4149 1492 4231 Ag.
1551 4148 1687 4209 147.
1754 4146 1989 4211 Contra
2036 4147 2239 4230 ἀηδής
2286 4147 2752 4229 (downcast).
2799 4147 2897 4209 Tr.
2946 4147 3092 4209 869.

639 4236 844 4318 ἀηδὴς
888 4237 994 4300 καὶ
1040 4238 1586 4319 συνωφρυωμένη.
1641 4235 1736 4299 El.
1771 4237 1917 4299 666.
1965 4238 2187 4319 φέρων
2217 4237 2447 4319 λόγους
2491 4237 2676 4320 ἡδεῖς.
2728 4237 2830 4299 56.
2877 4235 3092 4319 ἡδεῖαν

640 4326 839 4408 φάτιν.
889 4327 1036 4390 Ant.
1085 4327 1181 4388 12.
1228 4326 1444 4408 μῦθος
1477 4364 1559 4372 -
1593 4326 1743 4390 οὗθ’
1790 4325 1950 4409 ἡδὺς
1996 4328 2125 4391 οὔτ’
2174 4327 2469 4410 ἀλγεινός.

819 4417 920 4478 83.
967 4415 1365 4499 πολυστεφὴς
1413 4453 1494 4462 -
1545 4414 1824 4500 δάφνης]
1913 4416 2147 4479 Multa
2223 4417 2436 4479 lauro
2510 4420 2949 4494 coronatUS,
3021 4416 3095 4475 ut

640 4503 911 4584 θεωρός.
990 4504 1078 4569 Cf.
1128 4506 1355 4568 Aesch.
1404 4504 1585 4568 Eum.
1638 4506 1738 4567 39.
1805 4505 1984 4586 ἕρπω
2048 4506 2211 4586 πρὸς
2255 4505 2617 4585 πολυστεφῆ
2659 4504 2886 4586 μυχόν.
2944 4501 3092 4565 Eur.
