3463 5287
1342 492 1594 538 omm’us
1640 494 1763 538 mix
2719 457 2870 534 355·-

399 653 626 717 Aesoh.
674 651 826 716 Cho.
878 655 1019 716 752.
1085 652 1233 716 ΕΗΓ.
1290 652 1521 718 Bacch.
1572 651 1716 715 612.
1900 652 2151 734 φεύγεις
2199 688 2279 697 -
2327 650 2567 735 μολεῖν]
2634 649 2723 715 Cf.
2772 651 2866 714 ad'

397 745 544 807 Ant.
580 742 727 805 263.
758 741 909 805 ΕΗΓ.
942 740 1130 806 Hero.
1168 743 1356 806 1074.
1403 742 1474 806 τὸ
1521 742 1689 825 φάος
1735 740 2004 805 ἐκλιπεῖν
2051 741 2148 804 ἐπὶ
2180 745 2467 804 κακοῖσιν
2499 740 2576 803 οὗ
2609 741 2848 823 φεύγω.

581 832 769 895 1011.
817 831 1042 915 ἐξέλθῃ
1086 830 1329 915 σαφής]
1384 830 1585 895 Turn
1632 836 1761 894 out
1807 836 1987 894 true.
2068 829 2157 894 Cf.
2192 832 2293 893 88.
2333 831 2518 893 1182.
2566 829 2639 891 τὰ
2672 830 2850 893 πάντ’

396 924 475 986 ἂν
521 922 737 1005 ἐξήκοι
782 926 975 1004 σαφῆ.

580 1011 766 1073 1012.
816 1010 855 1093 ἦ
901 1010 992 1093 μὴ
1044 1046 1124 1055 -
1173 1009 1438 1094 λάβῃς;]
1487 1009 1576 1073 Cf.
1625 1008 1719 1074 ΕΙ.
1774 1010 1960 1073 1503.
2007 1007 2047 1092 ἦ
2095 1008 2186 1092 μὴ
2235 1010 2427 1091 φύγω
2474 1033 2576 1086 σε,·

581 1101 766 1163 1013.
814 1101 978 1163 τοῦτ’
1026 1098 1179 1163 αὐτὸ
1214 1136 1297 1145 -
1328 1099 1513 1163 τοῦτό
1557 1098 1629 1182 μ’
1662 1136 1745 1147 --
1779 1098 1997 1183 φοβεῖ]
2047 1098 2139 1163 Cf.
2175 1098 2273 1161 Tr.
2305 1099 2455 1162 408.
2501 1098 2667 1162 τοῦτ’
2712 1097 2851 1161 αὔτ’

398 1190 669 1273 ἔχρῃζον
712 1189 896 1253 τοῦτό
944 1211 1061 1253 σου
1106 1188 1354 1271 μαθεῖν.
1403 1189 1595 1252 Arist.
1645 1187 1810 1252 Nub.
1861 1189 1962 1252 26.
2015 1189 2203 1251 1052.

581 1280 768 1343 1014.
817 1277 1007 1343 οἶσθα
1056 1315 1140 1325 -
1186 1276 1504 1361 τρέμων,·]
1563 1276 1649 1340 Cf.
1697 1277 1812 1341 Ph.
1862 1278 2008 1341 946.
2054 1278 2220 1341 κούκ
2267 1276 2386 1341 οἶδ’
2434 1277 2706 1359 ἐναίρων
2751 1300 2862 1340 νε·-

398 1368 573 1451 κρόν.
709 1368 872 1450 πρὸς
919 1366 1130 1451 δίκης]
1179 1365 1267 1429 Cf.
1300 1366 1395 1429 El.
1432 1368 1620 1429 1211.
1667 1366 1833 1449 πρὸς
1880 1367 2061 1449 δίκης
2107 1365 2229 1449 γὰρ
2276 1367 2354 1430 οὗ
2401 1368 2641 1437 στένεις.
2691 1364 2850 1429 O.C.
2961 1434 2966 1443 ,

402 1457 546 1521 546.
593 1459 717 1540 ἔχει
767 1458 838 1520 δέ
880 1482 991 1540 μοι
1027 1494 1107 1503 -
1140 1456 1305 1539 πρὸς
1336 1456 1516 1527 δίκας
1545 1480 1615 1519 τι.
1668 1457 1893 1521 Aeseh.
1928 1455 2078 1520 Cho.
2114 1456 2259 1519 686.
2291 1455 2457 1539 πρὸς
2489 1457 2853 1539 δυσσεβείας

401 1547 459 1610 δ’
505 1545 585 1630 ἦν
631 1547 789 1629 ἐμοί.

426 1666 439 1681 ”
582 1654 769 1733 1015.
818 1653 1154 1738 γεννητῶν]
1205 1652 1293 1717 Cf.
1341 1653 1438 1718 Fr.
1491 1655 1681 1735 1017,
1731 1654 1787 1715 2.
1837 1652 2136 1736 γεννητὴν
2181 1653 2359 1717 ’θεῶν
2406 1651 2695 1733 (”Ηλιον).

582 1744 767 1807 1016.
816 1767 914 1807 σοι
961 1780 1045 1789 -
1093 1744 1160 1807 ἐν
1226 1742 1414 1827 γένει]
1486 1742 1651 1807 Tibi
1727 1751 2111 1827 cognatus.
2198 1742 2289 1806 Cf.
2343 1743 2529 1805 1430.
2594 1749 2723 1812 τοῖς
2787 1744 2853 1806 ἒν

403 1834 576 1916 γ’ένει.
625 1830 696 1897 Ο.
730 1832 795 1897 C.
848 1834 1034 1896 1167.
1083 1833 1204 1914 ὅρα
1251 1835 1387 1896 κατ’
1420 1833 1652 1915 Ἄργος
1699 1834 1763 1895 εἴ
1796 1857 1883 1902 τις
1928 1832 2077 1914 ὖμὶν
2123 1831 2378 1914 ἐγγενὴς
2424 1832 2514 1912 (ἐν
2560 1832 2790 1914 γένειΡ)
2841 1830 2847 1916 Ι

401 1922 556 1987 ἔσθ’.
604 1922 753 1986 ΕΗΓ.
801 1923 937 1986 Alc.
979 1923 1124 1985 904.
1172 1922 1320 2003 ἐμοί
1357 1946 1445 1992 τις
1490 1921 1570 2004 ἦν
1616 1923 1683 1985 ἐν
1730 1922 1917 2004 γένει,
1965 1919 2024 2003 ᾧ
2068 1920 2195 1985 κτλ.
2245 1921 2470 1985 Aesoh.
2520 1918 2667 1985 Cho.
2704 1922 2850 1984 287.

402 2013 472 2075 δι
518 2012 1008 2094 προστροπαίων
1055 2012 1121 2075 ἕν
1186 2012 1345 2094 γένει
1390 2011 1839 2075 πεπτωκότων.
1888 2009 2072 2073 Eum.
2124 2010 2269 2073 606.
2319 2009 2446 2093 ἐγὼ
2496 2009 2565 2073 δὲ
2609 2010 2853 2093 μητρὸς

400 2107 508 2185 τῆς
554 2102 712 2185 ἐμῆς
767 2102 833 2165 έν
879 2102 1089 2184 αἵματι
1144 2100 1843 2185 (consanguineus).
1927 2098 2014 2163 Τὰ
2063 2100 2285 2184 ἐγγενῆ
2331 2107 2395 2163 et
2446 2099 2518 2161 τὰ
2575 2100 2703 2173 ἔξω
2752 2100 2850 2183 γέ-

399 2214 550 2261 νους
596 2190 720 2255 sibi
767 2196 1172 2275 opponuntur
1218 2191 1365 2253 Ant.
1417 2189 1561 2253 660.

582 2298 770 2361 1019.
818 2299 890 2371 ἓξ
941 2298 1081 2361 ἴσου
1137 2305 1228 2380 τῷ
1282 2296 1538 2381 μηδενί]
1605 2297 1694 2360 Cf.
1749 2298 1935 2360 1187.
2001 2298 2102 2361 ἴσα
2158 2296 2264 2360 καὶ
2319 2295 2388 2358 τὸ
2434 2295 2655 2378 μηδέν.
2706 2297 2852 2360 Ant.

404 2389 548 2451 516.
597 2387 666 2460 ἐξ
711 2388 849 2451 ἴσου
895 2394 987 2468 τῷ
1035 2387 1335 2470 δυσσεβεῖ.
1395 2386 1541 2448 644.
1590 2387 1658 2459 ἐξ
1704 2388 1843 2449 ἴσου
1889 2386 2091 2468 πατρί.
2146 2385 2242 2448 ΤΓ.
2293 2386 2438 2449 322.
2488 2385 2560 2449 Ο.
2594 2383 2657 2447 O.
2708 2386 2853 2448 918.

400 2477 554 2560 κᾶμ’
610 2478 747 2540 ἴσον
800 2484 893 2558 τῷ
944 2476 1185 2559 μηδενί.
1251 2476 1349 2557 Aj.
1403 2476 1590 2539 1275.
1656 2475 1780 2558 ἤδη
1837 2475 1909 2546 τὸ
1953 2475 2158 2558 μηδὲν
2205 2476 2403 2544 ὄντας.
2462 2476 2611 2537 Ant.
2665 2474 2852 2537 1325.

399 2566 508 2629 τὸν
556 2566 677 2629 οὐκ
723 2566 871 2629 ὄντα
915 2564 1158 2649 μᾶλλον
1204 2567 1243 2649 ἢ
1289 2564 1553 2649 μηδένα.
1604 2567 1700 2649 Aj.
1742 2566 1927 2627 1114.
1973 2564 2120 2634 τοὺς
2156 2563 2454 2647 μηδένας.
2591 2571 2684 2646 τῷ
2727 2588 2852 2646 μη-

403 2655 561 2740 δενί]
629 2654 721 2720 Cf.
776 2658 929 2719 Ant.
991 2656 1179 2719 1325.
1267 2654 1390 2718 Sed
1449 2657 1544 2736 Aj.
1597 2656 1787 2718 1231.
1861 2659 1973 2718 τοῦ
2017 2654 2239 2737 μηδέν.
2308 2655 2451 2716 767.
2508 2654 2691 2717 1094.
2757 2652 2853 2716 ΕΙ.

408 2746 594 2808 1166.
652 2744 820 2809 ΕΗΓ..
868 2744 1105 2810 Phoen.
1155 2745 1301 2808 607.
1348 2743 1456 2807 τὸν
1503 2744 1692 2808 οὐδὲν
1740 2744 2049 2826 (μηδὲνΡ)
2104 2745 2191 2813 εἷς
2243 2743 2475 2825 μάχην.
2553 2743 2855 2807 Masouli-

400 2853 558 2899 num
604 2834 708 2899 hic
754 2840 875 2916 est,
922 2835 988 2897 ni
1033 2833 1239 2914 fallor,
1283 2841 1375 2916 τῷ
1419 2833 1660 2916 μηδενί.

586 2942 772 3006 1021.
820 2940 952 3005 ἀντὶ
981 2938 1125 3032 τοῦ]
1160 2939 1447 3017 Quare?
1496 2939 1582 3004 Of.
1605 2941 1793 3003 1155.
1814 2939 1910 3004 Tr.
1936 2941 2080 3004 339.
2130 2938 2254 3004 Sed
2274 2938 2461 3003 Hom.
2486 2939 2683 3020 od.8,
2708 2939 2855 3003 550.

404 3030 523 3095 εἴπ’
589 3032 773 3113 ὄνομ’
838 3031 961 3094 ὅττι
1025 3054 1093 3094 σε
1155 3030 1323 3094 κεῖθι
1385 3029 1660 3093 κάλεον
1722 3031 1932 3112 μήτηρ
1996 3054 2059 3093 τε
2123 3031 2330 3110 πατήρ
2377 3053 2455 3091 τε.
2593 3029 2852 3110 ὠνομά-

406 3119 575 3205 ζετο]
624 3119 733 3184 Sic
779 3125 956 3204 pater
1002 3120 1207 3202 ὄνομα
1254 3119 1431 3182 παιδὶ
1477 3119 1711 3183 θέσθαι
1759 3125 1908 3198 (non
1957 3119 2180 3195 θεῖναι)
2229 3117 2575 3181 dicebatur.

587 3229 775 3291 1022.
824 3225 1116 3311 ἑξέπεισ’]
1186 3226 1541 3290 Induced.
1621 3226 1712 3289 Cf.
1762 3226 1857 3289 Tr.
1907 3227 2093 3288 1141.
2141 3224 2301 3287 Phil.
2339 3225 2483 3286 900.
2532 3225 2609 3287 οὗ
2659 3224 2736 3306 δή
2786 3248 2855 3286 σε

406 3318 733 3401 δυσχέρεια
779 3322 890 3380 τοῦ
936 3317 1295 3398 νοσήματος
1335 3315 1343 3398 Ι
1386 3316 1641 3379 ἔπεισεν.
1690 3314 1838 3378 ΕΗΓ.
1888 3314 2001 3377 Ph.
2049 3315 2197 3376 437.

586 3408 775 3470 1023.
823 3405 934 3467 ἀπ’
981 3405 1171 3488 ἄλλης
1216 3404 1457 3488 χειρὸς]
1507 3403 1602 3467 So,
1649 3404 1885 3488 λαβών.
2023 3401 2144 3467 ὧδ’
2194 3401 2311 3486 --]
2360 3400 2678 3468 Conneoto
2725 3400 2856 3467 ὧδε

403 3497 567 3580 μέγα
615 3497 758 3578 (sic
804 3494 1071 3574 valdo).
1151 3493 1242 3558 Cf.
1292 3494 1360 3558 O.
1396 3494 1460 3558 C.
1501 3494 1685 3556 1005.
1735 3492 1890 3575 κᾷθ’
1938 3491 2056 3558 ὧδ’
2104 3496 2385 3557 ἐπαινῶν
2429 3493 2629 3558 πολλὰ
2675 3492 2800 3557 κτλ.

586 3587 772 3649 1024.
824 3583 1062 3668 δῶρον]
1111 3583 1198 3648 Cf.
1247 3583 1396 3646 Eur.
1439 3583 1573 3646 Ion.
1609 3584 1755 3647 537.
1803 3583 1916 3647 σὸν
1963 3583 2167 3665 (σοῦΡ)
2214 3583 2435 3665 γεγῶτ’
2483 3587 2589 3662 (se.
2635 3581 2855 3660 παῖδα)

406 3678 449 3757 ἢ
496 3675 713 3758 δῶρον
759 3673 1002 3749 &Meum
1076 3699 1081 3710 ·

591 3765 781 3828 1025.
829 3761 1223 3847 ἐμπολήσας]
1288 3760 1596 3845 Having
1658 3761 1841 3825 sold.
1928 3761 2019 3825 Cf.
2074 3761 2171 3824 Tr.
2230 3760 2376 3822 250.
2451 3759 2854 3841 ἓμποληθείς.

406 3854 596 3917 Arist.
641 3853 788 3918 Pac.
839 3853 983 3916 367.
1117 3849 1351 3935 τυχών]
1401 3851 1490 3914 Cf.
1542 3851 1729 3915 1039.

590 3960 776 4023 1026.
825 3961 892 4024 έν
923 3959 1337 4042 Κιθαιρῶνος
1372 3957 1666 4041 πτυχαῖς]
1714 3956 1762 4020 Ι.
1795 3976 1846 4021 e.
1894 3958 1968 4020 in
2017 3956 2516 4021 convallibus.
2594 3955 2856 4038 Proprie

412 4049 615 4133 πτυχὴ
664 4051 831 4116 valet
875 4050 1094 4134 plica.
1173 4049 1264 4113 Cf.
1311 4046 1424 4110 od.
1477 4050 1577 4124 19,
1626 4049 1772 4110 433.
1828 4047 1983 4130 ταχὺ
2040 4046 2098 4110 δ’
2146 4048 2366 4110 ἵκανον
2419 4046 2658 4129 πτύχας
2713 4047 2854 4128 ἠνε-

410 4140 689 4220 μοέσσας
751 4139 1207 4223 (Παρνησσοῢ).
1285 4136 1465 4200 Pind.
1522 4136 1593 4201 P.
1643 4136 1752 4200 VI.
1815 4139 1912 4199 18.
1977 4135 2368 4218 Κρισαίαισιν
2441 4136 2508 4198 ἐν
2579 4140 2855 4217 πτυχαῖς.

411 4227 527 4292 ΙΧ.
579 4230 677 4292 15.
724 4228 973 4293 Πίνδου
1019 4228 1334 4298 κλεενναῖς
1381 4228 1448 4289 ἐν
1493 4232 1771 4308 πτυχαῖς.
1828 4225 1903 4289 Ν.
1948 4224 2031 4288 Π.
2081 4227 2183 4288 21.
2239 4225 2306 4287 ἕν
2352 4223 2649 4293 Πέλοπος
2703 4247 2854 4285 πτυ-

412 4324 567 4401 χαῖς.
633 4317 784 4382 ΕΗΓ.
832 4318 1061 4383 Bacch.
1110 4319 1212 4380 62.
1277 4318 1363 4386 εἰς
1409 4315 1822 4397 Κιθαιρῶνος
1865 4313 2107 4397 πτυχὰς
2169 4313 2395 4378 ἐλθών.
2464 4313 2606 4376 796.
2670 4312 2855 4375 1217.

409 4408 478 4470 ἐν
522 4407 935 4489 Κιθαιρῶνος
997 4413 1273 4490 πτυχαῖς.
1342 4407 1487 4469 943.
1550 4404 1660 4474 τὰς
1725 4403 2134 4486 Κιθαιρῶνος
2196 4403 2450 4484 πτυχάς.
2508 4400 2638 4484 Iph.
2684 4400 2748 4463 T.
2801 4402 2854 4463 9.

409 4496 678 4568 κλειναῖς
724 4498 985 4570 (κοίλαις
1017 4497 1256 4576 Cobet.)
1302 4496 1369 4559 ἐν
1397 4500 1724 4577 πτυχαῖσιν
1755 4493 2045 4562 Αὐλίδος.
2093 4491 2277 4555 Herc..
2312 4492 2457 4555 240.
2505 4489 2856 4573 Παρνασοῦ

408 4587 667 4669 πτυχάς.
733 4586 931 4651 Andr.
992 4587 1181 4649 1278.
1248 4584 1495 4669 Πηλίου
1559 4584 1816 4667 πτυχάς.
1903 4581 2205 4645 Similiter
2269 4601 2306 4643 a
2368 4580 2728 4664 pastoribus
2791 4582 2856 4643 in

2299 4688 2430 4752 23*
