3463 5287
1392 460 1644 507 omarus
1688 461 1815 506 mex
2707 440 2835 504 319

380 618 566 691 οὗτος
621 620 692 684 ὀὲ
748 620 940 684 ὀώσει
984 620 1097 703 τὴν
1154 619 1336 702 ὀίκην
1379 620 1608 683 θανὼν
1653 620 1812 701 ἐμοί.
1878 619 2072 683 Arist.
2120 620 2241 684 AV.
2291 619 2437 682 337.
2505 618 2687 683 ὀοκεῖ
2723 642 2837 701 μοι

377 709 543 774 τώόε
591 709 812 774 δοῦναι
855 709 968 793 τὴν
1016 708 1214 792 δίκην.
1261 708 1427 774 Xen.
1473 708 1642 773 Hell.
1688 708 1771 772 II.
1822 710 1878 771 3.
1929 709 1985 770 9.
2041 707 2155 772 III.
2205 710 2262 771 3.
2314 709 2413 772 11.
2460 706 2576 772 III.
2625 710 2685 772 4.
2734 708 2835 771 25.

564 891 709 952 555.
757 889 1007 959 ἔπειθες
1070 890 1110 971 ἢ
1170 888 1248 952 οὗ
1316 885 1628 971 ἔπειθεςῑ]
1696 885 1788 951 Of.
1842 889 1985 950 141.
2050 887 2216 969 λέγω
2264 923 2350 936 —
2396 889 2436 970 ἢ
2495 887 2574 951 οὗ
2637 887 2803 969 λέγω
2816 910 2837 962 ,·

380 978 611 1043 Aesch.
660 975 830 1061 Sept.
879 978 1026 1041 203.
1091 979 1377 1060 ἤκουσας
1437 979 1477 1060 ἢ
1545 977 1666 1041 οὐκ
1730 978 2047 1059 ἤκουσας,·
2116 977 2259 1040 100.
2308 975 2457 1041 Eur.
2504 976 2640 1041 Ion.
2689 978 2835 1039 825.

469 1069 509 1150 ἢ
558 1066 713 1151 οὐκ]
762 1065 1002 1131 Eadem
1048 1068 1244 1131 erasis
1290 1071 1386 1131 est
1433 1067 1580 1131 993.
1633 1066 1822 1130 1140.
1879 1066 2031 1130 Ant.
2076 1067 2224 1129 458.
2273 1066 2344 1131 Ο.
2378 1065 2443 1130 C.
2495 1067 2640 1130 504.
2691 1067 2835 1129 939.

384 1158 529 1221 998.
582 1157 769 1220 1155.
822 1157 1010 1219 1436.
1074 1156 1169 1220 Tr.
1220 1157 1365 1219 321.
1430 1156 1531 1239 Aj.
1581 1156 1726 1220 334.
1792 1156 2023 1221 Aesch.
2081 1153 2247 1240 Sept.
2308 1156 2407 1220 97.
2460 1154 2605 1219 186.
2681 1154 2835 1219 cho.

385 1246 574 1311 1006.
639 1244 787 1309 Eur.
841 1244 996 1309 Hec.
1058 1246 1245 1310 1077.
1310 1244 1451 1310 Hel.
1505 1246 1646 1308 136.
1699 1246 1846 1309 922.
1902 1251 2015 1310 etc.
2197 1244 2298 1308 ἐπὶ
2347 1245 2357 1328 Ι
2404 1244 2513 1309 τὸν
2561 1244 2679 1329 -]
2746 1243 2835 1308 cf.

381 1335 542 1400 Phil.
601 1334 747 1398 626.
822 1340 887 1399 et
959 1335 1038 1398 ad
1113 1334 1276 1398 Phil.
1335 1335 1480 1398 263.
1589 1332 1901 1400 Similiter
1962 1334 2116 1400 ὅσον
2164 1334 2174 1418 Ι
2220 1335 2312 1417 μὴ
2378 1334 2552 1418 χερσὶ
2596 1335 2837 1398 καίνων

562 1533 707 1594 556.
756 1531 1202 1616 σεμνόμαντιν]
1279 1530 1513 1595 Confer
1592 1531 2022 1615 ψθυόόμαντις
2095 1531 2377 1616 (Soph.)‚
2451 1531 2838 1615 ὀρθόμαντις

382 1621 638 1702 (Pind.)‚
703 1620 1131 1703 ἄληθόμαντις
1194 1621 1512 1704 (Aesch.),
1587 1622 2024 1704 ἀριστόμαντις
2087 1620 2367 1705 (soph),
2429 1620 2838 1704 κλυτόμαντις

383 1710 640 1793 (Pind.),
684 1710 1127 1794 πρωτόμαντις
1167 1710 1467 1792 (Aesch.),
1514 1715 1579 1775 et
1623 1711 2045 1793 ἰατρόμαντις,
2091 1710 2547 1793 μουσόμαντις,
2595 1710 2834 1793 ὀνειρό-

380 1824 626 1884 μαντις,
672 1800 1096 1883 θυμόμαντις,
1145 1799 1604 1883 στρατόμαντις.

565 1890 711 1952 557.
758 1889 949 1960 αὑτός
993 1887 1151 1973 εἶμι]
1201 1887 1290 1952 Of.
1338 1890 1417 1952 ad
1464 1888 1626 1952 Phil.
1662 1891 1808 1953 521.
1855 1890 2006 1953 Eur.
2054 1889 2291 1955 Phoen.
2334 1889 2477 1953 920.
2526 1888 2689 1973 ἀνὴρ
2736 1889 2836 1953 ὅὸ’

384 1979 608 2044 οὐκέθ’
649 1979 862 2050 αὑτός·
910 1979 1145 2042 ἐκνεύει
1189 1978 1391 2043 πάλιν.
1455 1977 1590 2062 Iph.
1636 1979 1700 2042 T.
1754 1979 1897 2042 729.
1961 1978 2152 2043 Thuc.
2200 1978 2313 2042 III.
2365 1980 2466 2043 38.
2532 1979 2662 2061 ἐγὼ
2717 1978 2837 2061 μὲν

383 2067 500 2132 οὖν
545 2069 583 2132 ὁ
629 2068 818 2138 αὐτός
862 2069 985 2149 εἶμι
1029 2074 1104 2151 τῇ
1150 2069 1395 2151 γνώμῃ.

565 2158 711 2221 558.
756 2157 960 2222 πόσον
1003 2155 1113 2220 τιν’
1162 2155 1312 2241 —,·]
1370 2156 1459 2221 Cf.
1506 2158 1739 2221 Aesch.
1785 2156 1955 2222 Pers.
2006 2159 2151 2221 334.
2206 2157 2411 2223 πόσον
2455 2182 2508 2220 τι
2553 2156 2836 2241 πλῆθος,·

384 2246 533 2311 Eur.
582 2246 821 2311 Phoen.
869 2248 1015 2310 856.
1071 2246 1238 2330 πόση
1294 2271 1382 2317 τις
1427 2248 1466 2329 ἡ
1519 2245 1826 2318 ’πίλοιπος
1879 2248 2118 2318 ἄστεως
2172 2246 2327 2317 ὁόὁς
2374 2271 2491 2324 -,·
2633 2247 2837 2311 πόσον

387 2374 468 2384 —
502 2336 738 2420 χρόνον
782 2337 1064 2419 ἄφαντος
1108 2334 1339 2419 ἔρρει,·]
1397 2335 1486 2400 Cf.
1533 2335 1682 2399 Eur.
1734 2336 1837 2400 Or.
1886 2338 2033 2400 415.
2080 2337 2285 2401 πόσον
2330 2336 2564 2420 χρόνον
2596 2335 2666 2411 ὀὲ
2709 2360 2835 2419 μη-

382 2425 530 2509 τρὸς
560 2428 832 2509 οἴχονται
878 2426 1098 2502 πνοαί,·

565 2534 709 2597 560.
757 2534 1038 2616 ἄφαντος
1083 2532 1281 2617 ἔρρει]
1348 2531 1438 2596 Of.
1486 2534 1632 2597 832.
1690 2534 1918 2600 Aesch.
1964 2535 2085 2618 Ag.
2135 2533 2281 2597 610.
2331 2534 2474 2596 643.
2531 2530 2683 2597 Eur.
2732 2531 2835 2596 Or.

391 2623 579 2689 1496.
633 2623 820 2687 1557.
885 2620 1027 2687 Hel.
1077 2623 1223 2686 612.
1288 2620 1474 2688 Hom.
1522 2621 1595 2687 Il.
1645 2623 1702 2705 6,
1752 2623 1853 2687 60.
1920 2622 2035 2688 Od.
2088 2624 2142 2705 1,
2191 2624 2337 2686 242.
2495 2622 2837 2706 θανασίμῳ

385 2712 759 2867 Ἐ’ρώῖἒιῗ]
774 2712 942 2866 ιξέὸ
963 2712 2047 2872 ΑέσῖαοσῗῖυῗρῖςίΞυόἨέἒωέἓ
2061 2804 2090 2865 1
2106 2713 2461 2866 θανασζμῗς
2511 2714 2838 2888 Ζῖἥήῗῖἒῖ

386 2824 536 2957 8135.
590 2854 809 2974 sen-sn,
875 2852 959 2955 ut·
1008 2892 1077 2954 in
1120 2825 1352 2956 Aegvh.
1402 2826 1762 2974 Αὲ1γ325.
1828 2850 2151 2975 εὗμαρούς
2193 2826 2604 2975 χεέρωιᾳμαξος.
2671 2890 2836 2975 Sept„

391 2983 579 3046 1022.
624 2981 955 3065 τυμβοχόα
1004 2982 1383 3064 χειρώματα.
1433 2979 1618 3063 Soph.
1664 2983 1817 3045 Ant.
1872 2982 2013 3044 126.
2062 2981 2486 3065 δυσχείρωμα.

567 3089 711 3152 561.
761 3087 847 3152 Cf.
878 3088 976 3152 Tr.
1018 3090 1201 3152 1154.
1248 3088 1394 3159 τοὺς
1441 3087 1500 3151 ὀ’
1547 3090 1627 3152 ἂν
1671 3088 1743 3151 τὸ
1782 3086 2005 3172 Θήβης
2049 3088 2202 3152 ἄστυ
2252 3089 2538 3159 ναίοντας
2581 3089 2836 3171 μάθοις.

390 3179 461 3244 Ο.
495 3179 562 3244 C.
609 3181 715 3242 42.
851 3178 1105 3242 παλαιοὶ
1153 3215 1234 3225 —
1283 3176 1536 3261 χρόνοι]
1596 3176 1683 3241 Of.
1731 3178 1831 3260 Aj.
1882 3178 2027 3241 600.
2074 3176 2340 3249 παλαιὸς
2384 3178 2631 3262 χρόνος.
2691 3178 2835 3240 622.

385 3269 623 3352 παλαιᾷ
671 3305 754 3314 ·-—
802 3268 1028 3350 ἁμέρᾳ.
1085 3265 1156 3330 Ο.
1191 3267 1255 3332 O.
1304 3269 1407 3332 41.
1462 3269 1604 3330 112.
1649 3267 1745 3330 Tr.
1800 3268 1987 3329 1154.
2042 3267 2238 3330 Arist.
2284 3264 2441 3330 Rau.
2492 3268 2637 3331 347.
2683 3290 2835 3351 χρο-

384 3360 558 3429 νίους
620 3358 671 3420 τ’
727 3360 887 3422 ἐτῶν
949 3356 1239 3420 παλαιῶν
1302 3357 1639 3427 ἐνιαυτούς.
1704 3354 1854 3419 Eur.
1900 3355 2092 3440 Hipp.
2144 3357 2288 3420 905.
2355 3357 2540 3421 οὔπω
2604 3357 2838 3440 χρόνον

384 3448 670 3512 παλαιόν.
717 3446 851 3531 Iph.
883 3447 960 3510 A.
995 3446 1142 3510 409.
1189 3446 1423 3529 χρόνον
1476 3446 1762 3510 παλαιόν.
1820 3444 2006 3511 Rhes.
2048 3446 2193 3509 389.
2240 3445 2478 3528 παλαιᾷ
2524 3444 2581 3509 σ’
2627 3446 2837 3528 ἡμέρᾳ

385 3537 816 3620 προσεννέπω.
866 3543 928 3600 et
971 3536 1048 3599 ad
1097 3535 1258 3599 Phil.
1306 3537 1453 3599 493.

567 3644 713 3707 562.
760 3642 840 3727 ἦν
885 3644 953 3706 ἔν
997 3649 1071 3726 τῇ
1117 3642 1332 3727 τέχνῃ]
1391 3640 1477 3705 Of.
1523 3642 1626 3723 Aj.
1674 3643 1821 3704 271.
1876 3640 2039 3725 ἡνίκ’
2086 3640 2165 3725 ἦν
2219 3642 2286 3705 ἒν
2329 3648 2405 3726 τῇ
2449 3642 2639 3725 νόσῳ.
2688 3640 2837 3705 Eur.

387 3732 579 3817 Hipp.
627 3735 774 3797 454.
840 3732 989 3797 εἰσὶν
1053 3733 1120 3795 ἓν
1172 3733 1444 3814 μούσαις
1507 3732 1617 3795 ἀεί.
1682 3731 1842 3796 Plat.
1898 3730 2064 3796 Men.
2122 3752 2176 3815 p.
2228 3732 2328 3795 91.
2392 3731 2835 3815 ἑβόομήκοντα

388 3823 491 3905 ἔτη
541 3822 866 3904 γεγονότα,
922 3822 1370 3904 τετταράκοντα
1421 3820 1490 3884 δὲ
1537 3821 1604 3884 ἐν
1647 3827 1722 3905 τῇ
1769 3822 1952 3904 τέχνῃ
2001 3823 2166 3885 ὄντα.
2213 3819 2397 3904 Resp.
2448 3819 2556 3885 VI.
2602 3822 2731 3884 489
2764 3820 2837 3884 Β.

389 3911 526 3974 ὅσοι
575 3948 657 3956 -
704 3911 853 3975 εἰσὶν
917 3912 984 3975 ἐν
1043 3912 1315 3992 μούσαις
1377 3911 1486 3973 ἀεί.
1551 3909 1790 3975 Herod.
1837 3909 1917 3975 II.
1968 3912 2068 3974 82.
2135 3911 2196 3973 οἱ
2248 3910 2316 3974 ἐν
2369 3911 2613 3994 ποιήσει
2659 3910 2835 3992 γενό-

389 4023 586 4081 μενοι.
649 3999 842 4065 Isocr.
889 4021 945 4085 p.
995 4000 1141 4064 207.
1204 4006 1333 4063 τῶν
1397 4002 1467 4064 ἐν
1529 4000 1845 4083 τυραννίδι
1915 4001 2024 4064 καὶ
2084 4000 2341 4082 πλούτῳ
2404 4000 2512 4063 καὶ
2572 4005 2838 4083 τρυφαῖς

391 4089 613 4157 ὄντων.
747 4096 823 4174 τῇ
877 4089 1093 4174 τέχνῃ]
1162 4087 1247 4153 Of.
1295 4089 1389 4157 El.
1442 4089 1629 4154 1500.
1695 4090 1846 4153 Eur.
1894 4089 2132 4154 Phoen.
2184 4089 2328 4152 784.
2391 4089 2613 4172 τέχνην
2673 4112 2836 4172 μαν-

387 4180 577 4262 τικήν.

570 4288 716 4351 564.
764 4287 1060 4370 ἑμνήσατ’
1118 4324 1200 4333 -
1260 4286 1452 4373 ἐμοῦ]
1525 4286 1573 4350 Ι.
1624 4307 1679 4370 q.
1745 4287 2054 4370 ἐμνήσθη.
2132 4285 2220 4350 Cf.
2277 4285 2372 4349 El.
2430 4287 2575 4350 373.
2644 4287 2836 4350 Arist.

391 4375 505 4460 Eq.
557 4378 746 4440 1277.
803 4376 1039 4460 ἀνδρὸς
1093 4377 1422 4460 ἐμνήσθην
1467 4376 1671 4459 φίλου.
1720 4375 1885 4441 Nub.
1936 4377 2081 4439 926.
2127 4376 2380 4440 Theocr.
2428 4374 2640 4440 XVII.
2691 4376 2837 4440 135.

474 4473 569 4550 τῷ
613 4466 738 4530 τότ’
787 4467 855 4540 ἕν
900 4466 1150 4550 χρόνῳ]
1200 4466 1291 4531 Of.
1331 4466 1516 4529 1660.
1565 4464 1728 4529 O.R.
1755 4466 1942 4530 1030.
2018 4464 2113 4528 El.
2137 4465 2281 4529 674.
2327 4464 2465 4548 τῇό’
2497 4465 2564 4529 ἐν
2609 4466 2836 4548 ἡμέρᾳ.

569 4557 715 4618 566.
766 4557 1027 4639 ἔρευναν
1088 4562 1200 4619 τοῦ
1263 4553 1605 4638 θανόντος]
1670 4554 1720 4618 I.
1767 4574 1818 4620 e.
1884 4556 2146 4638 ἔρευναν
2198 4554 2342 4637 περὶ
2394 4554 2504 4619 τὸν
2556 4554 2836 4620 θανόντα
